2892 5022
714 311 940 379 “m—

288 497 426 574 merito).
469 493 806 578 Quemadmodum
835 495 983 558 zaohrua
1010 495 1143 582 audiet,
1172 493 1299 563 iuravit,
1322 507 1364 570 ae!

288 606 317 668 ai
337 607 425 668 viros
445 605 587 686 haberet,
610 621 681 666 eam
702 612 797 665 antea
822 603 853 664 in
875 611 1009 667 mortem
1029 605 1272 686 praemissurum
1291 617 1364 677 ema,

289 721 324 774 at
344 695 468 776 intranti
489 711 581 800 oxori
603 711 699 774 dixit:
722 711 773 773 Da
789 709 862 772 mihi
885 711 1028 792 gladium
1049 733 1165 795 meum,
1187 720 1227 774 ut·
1243 707 1363 788 ¹videam,

289 796 365 882 num
386 819 500 883 manua
528 817 609 882 mea*
629 837 703 880 cum
730 816 843 879 toliere
868 817 997 882 valeat(
1030 819 1092 886 Rei
1120 827 1227 883 autom
1255 812 1366 898 parici-

292 925 395 989 endae
415 926 515 1008 impar
536 927 597 988 hoa
619 925 700 991 dixit
720 941 871 990 verausr.
966 973 991 1002 ,¹

290 1073 1371 1232 ffiffissssssmiirfifflffid‘ei
1437 1235 1438 1238 Ν

291 2591 426 2676 „Video
449 2605 582 2655 matrem
605 2591 736 2673 Zachri,
762 2609 845 2674 quae
867 2591 972 2654 taedio
995 2611 1048 2654 mc
1069 2593 1220 2655 visitandi
1244 2611 1303 2654 noo
1324 2607 1376 2652 ca-

334 2699 430 2784 pitur,
452 2689 528 2761 dum
549 2699 691 2763 Selaima
712 2701 784 2760 lecti
808 2699 870 2760 moi
904 2707 937 2760 et
960 2699 1023 2761 loci
1054 2700 1116 2761 moi
1143 2700 1309 2762 saattdtosa
1334 2705 1384 2758 eat

335 2805 419 2885 Quis
440 2816 548 2870 autem
577 2807 628 2867 vir
657 2806 792 2888 putavit,
823 2806 991 2887 aequalem
1021 2823 1095 2867 esse
1125 2825 1257 2868 uxorem
1280 2793 1383 2867 metrii

340 2915 374 2974 Is
408 2933 470 2975 non
499 2916 590 2973 vivet
615 2912 675 2977 nisi
703 2913 803 2975 vitam
835 2912 982 2974 miseram
1016 2920 1049 2973 et
1086 2911 1284 2994 despectam.
1325 2911 1385 2972 Co-

336 3017 405 3100 gito
426 3036 492 3079 rem
513 3009 677 3100 propositi,
704 3019 731 3080 ei
753 3037 823 3081 eam
845 3017 998 3098 perticere
1021 3019 1160 3098 possim3
1186 3019 1247 3081 sed
1271 3031 1380 3098 onager

337 3123 378 3186 ab
400 3125 518 3206 impetu
540 3123 600 3185 iam
623 3123 791 3204 impeditus
804 3124 905 3200 tuito.
914 3145 941 3185 e.
949 3125 1025 3186 Non
1041 3143 1172 3205 possum
1182 3125 1290 3206 gladio
1300 3122 1380 3185 orci-

338 3231 416 3294 dere
436 3249 580 3314 uxorem,
605 3248 700 3312 quum
722 3233 810 3293 vires
832 3231 906 3294 mihi
928 3229 1058 3304 desint.)
1069 3233 1146 3294 Non
1168 3239 1275 3294 autem
1296 3231 1383 3292 time-

337 3339 423 3421 bam,
444 3359 485 3401 na
506 3348 661 3422 aegrotus
682 3339 738 3402 tibi
759 3341 913 3402 molestus
935 3357 1063 3418 essem3
1094 3339 1153 3400 sed
1177 3341 1250 3420 quis
1273 3341 1303 3400 in
1323 3338 1384 3398 iur-

189 3487 205 3502 .
337 3453 436 3508 tunae
457 3447 588 3508 omibus
603 3465 692 3508 vana
712 3441 971 3533 ‘spedecipituri
983 3447 1034 3510 Et
1054 3445 1200 3528 prefecto
1222 3463 1310 3508 more
1322 3462 1386 3506 me-

339 3550 398 3614 tior
420 3559 482 3636 eet,
506 3567 602 3634 quam
622 3553 703 3635 vita,
725 3571 808 3635 quae
830 3563 980 3634 tanquam
991 3553 1109 3635 pultum
1131 3571 1270 3635 parvum
1285 3547 1387 3614 cameli

339 3656 450 3721 vendit
469 3657 641 3740 principem
661 3675 718 3740 pro
748 3655 888 3739 cuspidis¹
916 3677 1041 3722 summa
1068 3667 1167 3740 parte.
1190 3657 1246 3737 (ln
1275 3656 1385 3719 vuinus

338 3782 443 3851 saum,
465 3785 528 3849 quo
550 3768 580 3828 ei
600 3764 796 3848 pereundum
817 3773 880 3848 eat,
902 3767 1044 3828 altudere
1052 3766 1204 3839 videtur.)
1224 3765 1388 3827 Pervitam

305 3909 310 3918 ·
340 3867 466 3938 meam!
508 3875 559 3936 'du
581 3873 619 3951 (o
641 3872 740 3952 uxor)
763 3873 910 3934 excitasti
933 3871 1141 3936 dormientem
1163 3879 1197 3932 ct
1218 3872 1322 3934 verba
1342 3866 1388 3929 di·

340 3982 429 4064 xiati,
450 4001 533 4064 quae
553 3965 649 4046 aurea
670 3981 794 4044 habena
814 3973 975 4042 audivit.“

382 4129 457 4190 Non
485 4129 615 4191 muttum
648 4135 721 4207 poet
741 4097 847 4188 *vitam
876 4125 1049 4207 exspirans·
1087 4121 1128 4184 ad
1163 4121 1246 4183 latua
1281 4113 1391 4181 montis

300 4231 409 4314 ahoth,
424 4235 456 4297 in
477 4235 650 4317 propinquo
673 4228 776 4315 oppidi
799 4231 948 4296 Medione
970 4229 1114 4312 sepultus
1135 4235 1195 4292 eat.
1316 4235 1321 4244 '
