<?xml version="1.0" encoding="UTF-8"?>
<!DOCTYPE html PUBLIC "-//W3C//DTD XHTML 1.0 Transitional//EN"
    "http://www.w3.org/TR/xhtml1/DTD/xhtml1-transitional.dtd">
<html xmlns="http://www.w3.org/1999/xhtml" xml:lang="en" lang="en">
 <head>
  <title>
</title>
<meta http-equiv="Content-Type" content="text/html;charset=utf-8" />
  <meta name='ocr-system' content='tesseract 3.04.00' />
  <meta name='ocr-capabilities' content='ocr_page ocr_carea ocr_par ocr_line ocrx_word'/>
</head>
<body>
  <div class='ocr_page' id='page_1' title='image "./arabumproverbia02alfgoog/arabumproverbia02alfgoog_0247.png"; bbox 0 0 2892 5022; ppageno 0'>
   <div class='ocr_carea' id='block_1_1' title="bbox 707 323 934 392">
    <p class='ocr_par' dir='ltr' id='par_1_1' title="bbox 707 323 934 392">
     <span class='ocr_line' id='line_1_1' title="bbox 707 323 934 392; baseline -0.004 -19"><span class='ocrx_word' id='word_1_1' title='bbox 707 323 934 392; x_wconf 69' lang='lat'><strong>-242-</strong></span> 
     </span>
    </p>
   </div>
   <div class='ocr_carea' id='block_1_2' title="bbox 260 509 1355 913">
    <p class='ocr_par' dir='ltr' id='par_1_2' title="bbox 260 509 1355 913">
     <span class='ocr_line' id='line_1_2' title="bbox 346 509 1355 598; baseline -0.009 -19"><span class='ocrx_word' id='word_1_2' title='bbox 346 515 525 579; x_wconf 84' lang='lat' dir='ltr'>Verborum</span> <span class='ocrx_word' id='word_1_3' title='bbox 547 530 699 594; x_wconf 83' lang='lat' dir='ltr'><strong>caueam,</strong></span> <span class='ocrx_word' id='word_1_4' title='bbox 721 529 806 594; x_wconf 78' lang='lat' dir='ltr'><strong>quae</strong></span> <span class='ocrx_word' id='word_1_5' title='bbox 828 509 879 572; x_wconf 88' lang='lat' dir='ltr'><strong>vir</strong></span> <span class='ocrx_word' id='word_1_6' title='bbox 906 510 998 573; x_wconf 87' lang='lat' dir='ltr'><strong>uxori</strong></span> <span class='ocrx_word' id='word_1_7' title='bbox 1026 527 1105 574; x_wconf 77' lang='lat' dir='ltr'><strong>suae</strong></span> <span class='ocrx_word' id='word_1_8' title='bbox 1130 509 1261 598; x_wconf 79' lang='lat' dir='ltr'><strong>dixerit,</strong></span> <span class='ocrx_word' id='word_1_9' title='bbox 1280 509 1355 572; x_wconf 77' lang='lat' dir='ltr'><strong>berre</strong></span> 
     </span>
     <span class='ocr_line' id='line_1_3' title="bbox 266 599 1353 712; baseline -0.007 -26"><span class='ocrx_word' id='word_1_10' title='bbox 266 624 370 687; x_wconf 77' lang='lat' dir='ltr'><strong>fuisse</strong></span> <span class='ocrx_word' id='word_1_11' title='bbox 378 631 524 686; x_wconf 88' lang='lat' dir='ltr'><strong>narrant:</strong></span> <span class='ocrx_word' id='word_1_12' title='bbox 536 621 671 684; x_wconf 82' lang='lat' dir='ltr'><strong>Amator</strong></span> <span class='ocrx_word' id='word_1_13' title='bbox 682 618 722 682; x_wconf 95' lang='lat' dir='ltr'><strong>ab</strong></span> <span class='ocrx_word' id='word_1_14' title='bbox 737 635 849 712; x_wconf 73' lang='lat' dir='ltr'><strong>uxere,</strong></span> <span class='ocrx_word' id='word_1_15' title='bbox 858 617 958 698; x_wconf 81' lang='lat' dir='ltr'><strong>utipai</strong></span> <span class='ocrx_word' id='word_1_16' title='bbox 967 599 1096 680; x_wconf 79' lang='lat' dir='ltr'><strong>emeriti</strong></span> <span class='ocrx_word' id='word_1_17' title='bbox 1104 616 1229 700; x_wconf 75' lang='lat' dir='ltr'><strong>podicis</strong></span> <span class='ocrx_word' id='word_1_18' title='bbox 1240 616 1353 699; x_wconf 75' lang='lat' dir='ltr'><strong>pellet),</strong></span> 
     </span>
     <span class='ocr_line' id='line_1_4' title="bbox 261 724 1355 812; baseline -0.007 -19"><span class='ocrx_word' id='word_1_19' title='bbox 261 729 503 812; x_wconf 81' lang='lat' dir='ltr'><strong>duaacerrigias</strong></span> <span class='ocrx_word' id='word_1_20' title='bbox 512 725 979 806; x_wconf 83' lang='lat' dir='ltr'><strong>excideret,petierat.Primum</strong></span> <span class='ocrx_word' id='word_1_21' title='bbox 987 724 1018 785; x_wconf 88' lang='lat' dir='ltr'><strong>id</strong></span> <span class='ocrx_word' id='word_1_22' title='bbox 1027 724 1290 808; x_wconf 80' lang='lat' dir='ltr'><strong>quidemgraviua</strong></span> <span class='ocrx_word' id='word_1_23' title='bbox 1298 724 1355 787; x_wconf 88' lang='lat' dir='ltr'><strong>du·</strong></span> 
     </span>
     <span class='ocr_line' id='line_1_5' title="bbox 260 811 1355 913; baseline -0.008 -13"><span class='ocrx_word' id='word_1_24' title='bbox 260 857 338 900; x_wconf 87' lang='lat' dir='ltr'><strong>cens</strong></span> <span class='ocrx_word' id='word_1_25' title='bbox 346 855 428 898; x_wconf 89' lang='lat' dir='ltr'><strong>uxor</strong></span> <span class='ocrx_word' id='word_1_26' title='bbox 436 843 609 897; x_wconf 86' lang='lat' dir='ltr'><strong>amatorem</strong></span> <span class='ocrx_word' id='word_1_27' title='bbox 617 852 709 894; x_wconf 86' lang='lat' dir='ltr'><strong>suum</strong></span> <span class='ocrx_word' id='word_1_28' title='bbox 718 829 1015 913; x_wconf 78' lang='lat' dir='ltr'><strong>vituperabat3aed,</strong></span> <span class='ocrx_word' id='word_1_29' title='bbox 1024 811 1355 913; x_wconf 81' lang='lat' dir='ltr'><strong>quumapctendonea</strong></span> 
     </span>
    </p>
   </div>
   <div class='ocr_carea' id='block_1_3' title="bbox 129 935 1355 1024">
    <p class='ocr_par' dir='ltr' id='par_1_3' title="bbox 129 935 1355 1024">
     <span class='ocr_line' id='line_1_6' title="bbox 129 935 1355 1024; baseline -0.007 -15"><span class='ocrx_word' id='word_1_30' title='bbox 129 993 140 1008; x_wconf 85' lang='lat'><em>.</em></span> <span class='ocrx_word' id='word_1_31' title='bbox 261 943 503 1024; x_wconf 81' lang='lat' dir='ltr'><strong>desisteretibe,</strong></span> <span class='ocrx_word' id='word_1_32' title='bbox 524 935 894 1022; x_wconf 77' lang='lat' dir='ltr'><strong>precibusmtistaeiendi</strong></span> <span class='ocrx_word' id='word_1_33' title='bbox 905 938 1106 1000; x_wconf 84' lang='lat' dir='ltr'><strong>occasionem</strong></span> <span class='ocrx_word' id='word_1_34' title='bbox 1116 940 1285 1020; x_wconf 79' lang='lat' dir='ltr'><strong>quaesivit</strong></span> <span class='ocrx_word' id='word_1_35' title='bbox 1299 940 1355 1000; x_wconf 84' lang='lat' dir='ltr'><strong>Diu</strong></span> 
     </span>
    </p>
   </div>
   <div class='ocr_carea' id='block_1_4' title="bbox 253 1037 1355 2085">
    <p class='ocr_par' dir='ltr' id='par_1_4' title="bbox 253 1037 1355 2085">
     <span class='ocr_line' id='line_1_7' title="bbox 261 1037 1355 1128; baseline -0.008 -15"><span class='ocrx_word' id='word_1_36' title='bbox 261 1051 302 1115; x_wconf 95' lang='lat' dir='ltr'><strong>de</strong></span> <span class='ocrx_word' id='word_1_37' title='bbox 322 1070 359 1111; x_wconf 89' lang='lat' dir='ltr'><strong>re</strong></span> <span class='ocrx_word' id='word_1_38' title='bbox 378 1049 526 1110; x_wconf 82' lang='lat' dir='ltr'><strong>dubitans</strong></span> <span class='ocrx_word' id='word_1_39' title='bbox 548 1043 676 1108; x_wconf 87' lang='lat' dir='ltr'><strong>tandem</strong></span> <span class='ocrx_word' id='word_1_40' title='bbox 698 1063 811 1125; x_wconf 88' lang='lat' dir='ltr'><strong>penem</strong></span> <span class='ocrx_word' id='word_1_41' title='bbox 833 1043 921 1123; x_wconf 85' lang='lat' dir='ltr'><strong>pueri</strong></span> <span class='ocrx_word' id='word_1_42' title='bbox 940 1044 989 1105; x_wconf 80' lang='lat' dir='ltr'><strong>aui</strong></span> <span class='ocrx_word' id='word_1_43' title='bbox 1010 1046 1102 1124; x_wconf 84' lang='lat' dir='ltr'><strong>parvi</strong></span> <span class='ocrx_word' id='word_1_44' title='bbox 1126 1037 1237 1128; x_wconf 61' lang='lat' dir='ltr'><strong>aerio,</strong></span> <span class='ocrx_word' id='word_1_45' title='bbox 1268 1063 1355 1126; x_wconf 88' lang='lat' dir='ltr'><strong>quem</strong></span> 
     </span>
     <span class='ocr_line' id='line_1_8' title="bbox 257 1150 1352 1236; baseline -0.008 -15"><span class='ocrx_word' id='word_1_46' title='bbox 257 1154 488 1236; x_wconf 68' lang='lat' dir='ltr'><strong>absconderat,</strong></span> <span class='ocrx_word' id='word_1_47' title='bbox 520 1153 651 1234; x_wconf 85' lang='lat' dir='ltr'><strong>ligavit,</strong></span> <span class='ocrx_word' id='word_1_48' title='bbox 682 1161 714 1214; x_wconf 91' lang='lat' dir='ltr'><strong>ut</strong></span> <span class='ocrx_word' id='word_1_49' title='bbox 744 1150 795 1211; x_wconf 84' lang='lat' dir='ltr'><strong>iiie</strong></span> <span class='ocrx_word' id='word_1_50' title='bbox 823 1152 942 1212; x_wconf 87' lang='lat' dir='ltr'><strong>urinam</strong></span> <span class='ocrx_word' id='word_1_51' title='bbox 974 1151 1119 1214; x_wconf 75' lang='lat' dir='ltr'><strong>emittere</strong></span> <span class='ocrx_word' id='word_1_52' title='bbox 1149 1172 1211 1214; x_wconf 89' lang='lat' dir='ltr'><strong>rrcu</strong></span> <span class='ocrx_word' id='word_1_53' title='bbox 1235 1159 1352 1233; x_wconf 81' lang='lat' dir='ltr'><strong>poseat.</strong></span> 
     </span>
     <span class='ocr_line' id='line_1_9' title="bbox 256 1256 1353 1343; baseline -0.005 -15"><span class='ocrx_word' id='word_1_54' title='bbox 256 1266 343 1328; x_wconf 89' lang='lat' dir='ltr'><strong>Puer</strong></span> <span class='ocrx_word' id='word_1_55' title='bbox 365 1262 494 1343; x_wconf 81' lang='lat' dir='ltr'><strong>plorans</strong></span> <span class='ocrx_word' id='word_1_56' title='bbox 514 1279 534 1323; x_wconf 86' lang='lat' dir='ltr'><strong>a</strong></span> <span class='ocrx_word' id='word_1_57' title='bbox 554 1267 644 1340; x_wconf 82' lang='lat' dir='ltr'><strong>petre</strong></span> <span class='ocrx_word' id='word_1_58' title='bbox 666 1256 852 1322; x_wconf 73' lang='lat' dir='ltr'><strong>audiebatur</strong></span> <span class='ocrx_word' id='word_1_59' title='bbox 876 1265 908 1319; x_wconf 87' lang='lat' dir='ltr'><strong>et</strong></span> <span class='ocrx_word' id='word_1_60' title='bbox 930 1277 1025 1339; x_wconf 89' lang='lat' dir='ltr'><strong>quum</strong></span> <span class='ocrx_word' id='word_1_61' title='bbox 1046 1267 1147 1340; x_wconf 86' lang='lat' dir='ltr'><strong>pater,</strong></span> <span class='ocrx_word' id='word_1_62' title='bbox 1163 1259 1238 1341; x_wconf 90' lang='lat' dir='ltr'><strong>quid</strong></span> <span class='ocrx_word' id='word_1_63' title='bbox 1258 1269 1353 1338; x_wconf 75' lang='lat' dir='ltr'><strong>esset,</strong></span> 
     </span>
     <span class='ocr_line' id='line_1_10' title="bbox 256 1363 1352 1450; baseline -0.002 -20"><span class='ocrx_word' id='word_1_64' title='bbox 256 1387 390 1431; x_wconf 86' lang='lat' dir='ltr'><strong>uxorem</strong></span> <span class='ocrx_word' id='word_1_65' title='bbox 418 1374 564 1450; x_wconf 81' lang='lat' dir='ltr'><strong>regeret,</strong></span> <span class='ocrx_word' id='word_1_66' title='bbox 592 1367 675 1428; x_wconf 88' lang='lat' dir='ltr'><strong>baec</strong></span> <span class='ocrx_word' id='word_1_67' title='bbox 703 1365 815 1428; x_wconf 88' lang='lat' dir='ltr'><strong>marite</strong></span> <span class='ocrx_word' id='word_1_68' title='bbox 842 1363 939 1443; x_wconf 83' lang='lat' dir='ltr'><strong>dixit,</strong></span> <span class='ocrx_word' id='word_1_69' title='bbox 966 1385 1097 1446; x_wconf 86' lang='lat' dir='ltr'><strong>puerum</strong></span> <span class='ocrx_word' id='word_1_70' title='bbox 1119 1364 1352 1430; x_wconf 78' lang='lat' dir='ltr'><strong>difficultatibus</strong></span> 
     </span>
     <span class='ocr_line' id='line_1_11' title="bbox 255 1469 1353 1556; baseline -0.001 -20"><span class='ocrx_word' id='word_1_71' title='bbox 255 1475 364 1536; x_wconf 86' lang='lat' dir='ltr'><strong>urinae</strong></span> <span class='ocrx_word' id='word_1_72' title='bbox 385 1474 528 1535; x_wconf 86' lang='lat' dir='ltr'><strong>laborare</strong></span> <span class='ocrx_word' id='word_1_73' title='bbox 549 1481 582 1534; x_wconf 90' lang='lat' dir='ltr'><strong>et</strong></span> <span class='ocrx_word' id='word_1_74' title='bbox 603 1469 775 1534; x_wconf 89' lang='lat' dir='ltr'><strong>remedium</strong></span> <span class='ocrx_word' id='word_1_75' title='bbox 797 1471 984 1533; x_wconf 87' lang='lat' dir='ltr'><strong>huiuscerei</strong></span> <span class='ocrx_word' id='word_1_76' title='bbox 1003 1471 1141 1534; x_wconf 82' lang='lat' dir='ltr'><strong>futurum</strong></span> <span class='ocrx_word' id='word_1_77' title='bbox 1165 1491 1257 1556; x_wconf 81' lang='lat' dir='ltr'><strong>esse,</strong></span> <span class='ocrx_word' id='word_1_78' title='bbox 1275 1473 1353 1556; x_wconf 87' lang='lat' dir='ltr'><strong>quud</strong></span> 
     </span>
     <span class='ocr_line' id='line_1_12' title="bbox 253 1575 1352 1661; baseline 0.001 -21"><span class='ocrx_word' id='word_1_79' title='bbox 253 1581 283 1641; x_wconf 89' lang='lat' dir='ltr'><strong>ei</strong></span> <span class='ocrx_word' id='word_1_80' title='bbox 311 1585 513 1661; x_wconf 81' lang='lat' dir='ltr'><strong>segmentum</strong></span> <span class='ocrx_word' id='word_1_81' title='bbox 544 1577 674 1658; x_wconf 85' lang='lat' dir='ltr'><strong>lengum</strong></span> <span class='ocrx_word' id='word_1_82' title='bbox 702 1596 721 1637; x_wconf 90' lang='lat' dir='ltr'><strong>c</strong></span> <span class='ocrx_word' id='word_1_83' title='bbox 753 1577 836 1660; x_wconf 81' lang='lat' dir='ltr'><strong>pelio</strong></span> <span class='ocrx_word' id='word_1_84' title='bbox 863 1575 986 1658; x_wconf 72' lang='lat' dir='ltr'><strong>pedicis</strong></span> <span class='ocrx_word' id='word_1_85' title='bbox 1013 1579 1117 1639; x_wconf 88' lang='lat' dir='ltr'><strong>mariti</strong></span> <span class='ocrx_word' id='word_1_86' title='bbox 1144 1579 1352 1642; x_wconf 74' lang='lat' dir='ltr'><strong>excideretur.</strong></span> 
     </span>
     <span class='ocr_line' id='line_1_13' title="bbox 254 1683 1352 1769; baseline -0.002 -19"><span class='ocrx_word' id='word_1_87' title='bbox 254 1687 397 1750; x_wconf 88' lang='lat' dir='ltr'><strong>Primum</strong></span> <span class='ocrx_word' id='word_1_88' title='bbox 418 1683 546 1767; x_wconf 89' lang='lat' dir='ltr'><strong>quidem</strong></span> <span class='ocrx_word' id='word_1_89' title='bbox 567 1685 699 1748; x_wconf 87' lang='lat' dir='ltr'><strong>maritus</strong></span> <span class='ocrx_word' id='word_1_90' title='bbox 720 1704 788 1746; x_wconf 89' lang='lat' dir='ltr'><strong>rem</strong></span> <span class='ocrx_word' id='word_1_91' title='bbox 801 1684 977 1767; x_wconf 82' lang='lat' dir='ltr'><strong>denegans,</strong></span> <span class='ocrx_word' id='word_1_92' title='bbox 999 1684 1140 1766; x_wconf 86' lang='lat' dir='ltr'><strong>tandem,</strong></span> <span class='ocrx_word' id='word_1_93' title='bbox 1154 1705 1256 1767; x_wconf 88' lang='lat' dir='ltr'><strong>quum</strong></span> <span class='ocrx_word' id='word_1_94' title='bbox 1278 1707 1352 1769; x_wconf 84' lang='lat' dir='ltr'><strong>puer</strong></span> 
     </span>
     <span class='ocr_line' id='line_1_14' title="bbox 255 1789 1353 1872; baseline 0.002 -17"><span class='ocrx_word' id='word_1_95' title='bbox 255 1791 431 1872; x_wconf 83' lang='lat' dir='ltr'><strong>majoribus</strong></span> <span class='ocrx_word' id='word_1_96' title='bbox 453 1789 613 1852; x_wconf 82' lang='lat' dir='ltr'><strong>doloribus</strong></span> <span class='ocrx_word' id='word_1_97' title='bbox 636 1791 848 1870; x_wconf 81' lang='lat' dir='ltr'><strong>cruciaretur,</strong></span> <span class='ocrx_word' id='word_1_98' title='bbox 870 1790 1020 1872; x_wconf 78' lang='lat' dir='ltr'><strong>precibus</strong></span> <span class='ocrx_word' id='word_1_99' title='bbox 1038 1790 1159 1854; x_wconf 76' lang='lat' dir='ltr'><strong>cedens</strong></span> <span class='ocrx_word' id='word_1_100' title='bbox 1182 1795 1274 1856; x_wconf 87' lang='lat' dir='ltr'><strong>uxori</strong></span> <span class='ocrx_word' id='word_1_101' title='bbox 1295 1795 1353 1856; x_wconf 82' lang='lat' dir='ltr'><strong>ieta</strong></span> 
     </span>
     <span class='ocr_line' id='line_1_15' title="bbox 254 1896 1354 1982; baseline 0.005 -22"><span class='ocrx_word' id='word_1_102' title='bbox 254 1897 414 1982; x_wconf 85' lang='lat' dir='ltr'><strong>proverbii</strong></span> <span class='ocrx_word' id='word_1_103' title='bbox 441 1896 543 1959; x_wconf 80' lang='lat' dir='ltr'><strong>verba</strong></span> <span class='ocrx_word' id='word_1_104' title='bbox 570 1896 657 1961; x_wconf 89' lang='lat' dir='ltr'><strong>dixit.</strong></span> <span class='ocrx_word' id='word_1_105' title='bbox 699 1897 908 1960; x_wconf 88' lang='lat' dir='ltr'><strong>Proverbium</strong></span> <span class='ocrx_word' id='word_1_106' title='bbox 929 1907 1036 1960; x_wconf 79' lang='lat' dir='ltr'><strong>autem</strong></span> <span class='ocrx_word' id='word_1_107' title='bbox 1061 1900 1092 1960; x_wconf 92' lang='lat' dir='ltr'><strong>in</strong></span> <span class='ocrx_word' id='word_1_108' title='bbox 1117 1901 1221 1963; x_wconf 88' lang='lat' dir='ltr'><strong>virum</strong></span> <span class='ocrx_word' id='word_1_109' title='bbox 1244 1902 1354 1965; x_wconf 86' lang='lat' dir='ltr'><strong>indoc-</strong></span> 
     </span>
     <span class='ocr_line' id='line_1_16' title="bbox 255 1983 1076 2085; baseline -0.001 -19"><span class='ocrx_word' id='word_1_110' title='bbox 255 2014 320 2066; x_wconf 90' lang='lat' dir='ltr'><strong>tum</strong></span> <span class='ocrx_word' id='word_1_111' title='bbox 343 1983 531 2085; x_wconf 74' lang='lat' dir='ltr'><strong>imperitmu,</strong></span> <span class='ocrx_word' id='word_1_112' title='bbox 554 2013 590 2064; x_wconf 92' lang='lat' dir='ltr'><strong>ut</strong></span> <span class='ocrx_word' id='word_1_113' title='bbox 611 2011 741 2085; x_wconf 73' lang='lat' dir='ltr'><strong>caveat,</strong></span> <span class='ocrx_word' id='word_1_114' title='bbox 764 2003 938 2066; x_wconf 73' lang='lat' dir='ltr'><strong>adhibetur.</strong></span> <span class='ocrx_word' id='word_1_115' title='bbox 1072 1999 1076 2006; x_wconf 79' lang='grc'>’</span> 
     </span>
    </p>
   </div>
   <div class='ocr_carea' id='block_1_5' title="bbox 258 2387 1350 2493">
    <p class='ocr_par' dir='ltr' id='par_1_5' title="bbox 258 2387 1350 2493">
     <span class='ocr_line' id='line_1_17' title="bbox 258 2387 1350 2493; baseline 0.004 -31"><span class='ocrx_word' id='word_1_116' title='bbox 258 2395 281 2462; x_wconf 83' lang='grc'>3</span> <span class='ocrx_word' id='word_1_117' title='bbox 344 2389 551 2461; x_wconf 84' lang='lat' dir='ltr'><strong>Dicebatur·</strong></span> <span class='ocrx_word' id='word_1_118' title='bbox 585 2387 776 2487; x_wconf 79' lang='lat' dir='ltr'><strong>grauidae:</strong></span> <span class='ocrx_word' id='word_1_119' title='bbox 803 2389 903 2484; x_wconf 86' lang='lat' dir='ltr'><strong>Quid</strong></span> <span class='ocrx_word' id='word_1_120' title='bbox 939 2393 1070 2493; x_wconf 82' lang='lat' dir='ltr'><strong>cupis?</strong></span> <span class='ocrx_word' id='word_1_121' title='bbox 1107 2409 1144 2464; x_wconf 79' lang='lat' dir='ltr'><strong>rt</strong></span> <span class='ocrx_word' id='word_1_122' title='bbox 1181 2393 1350 2469; x_wconf 85' lang='lat' dir='ltr'><strong>dicebat:</strong></span> 
     </span>
    </p>
   </div>
   <div class='ocr_carea' id='block_1_6' title="bbox 340 2512 845 2614">
    <p class='ocr_par' dir='ltr' id='par_1_6' title="bbox 340 2512 845 2614">
     <span class='ocr_line' id='line_1_18' title="bbox 340 2512 845 2614; baseline 0.008 -29"><span class='ocrx_word' id='word_1_123' title='bbox 340 2512 543 2614; x_wconf 82' lang='lat' dir='ltr'><strong>Dactylos3</strong></span> <span class='ocrx_word' id='word_1_124' title='bbox 571 2531 604 2586; x_wconf 86' lang='lat' dir='ltr'><strong>et</strong></span> <span class='ocrx_word' id='word_1_125' title='bbox 633 2514 708 2586; x_wconf 84' lang='lat' dir='ltr'><strong>beu</strong></span> <span class='ocrx_word' id='word_1_126' title='bbox 735 2513 845 2591; x_wconf 80' lang='lat' dir='ltr'><strong>mibi!</strong></span> 
     </span>
    </p>
   </div>
   <div class='ocr_carea' id='block_1_7' title="bbox 249 2637 1351 2835">
    <p class='ocr_par' dir='ltr' id='par_1_7' title="bbox 249 2637 1351 2835">
     <span class='ocr_line' id='line_1_19' title="bbox 334 2637 1351 2730; baseline 0.007 -28"><span class='ocrx_word' id='word_1_127' title='bbox 334 2637 458 2702; x_wconf 81' lang='lat' dir='ltr'><strong>idest:</strong></span> <span class='ocrx_word' id='word_1_128' title='bbox 482 2638 583 2719; x_wconf 85' lang='lat' dir='ltr'><strong>Cupie</strong></span> <span class='ocrx_word' id='word_1_129' title='bbox 605 2658 728 2701; x_wconf 87' lang='lat' dir='ltr'><strong>emnem</strong></span> <span class='ocrx_word' id='word_1_130' title='bbox 751 2659 838 2721; x_wconf 89' lang='lat' dir='ltr'><strong>rem,</strong></span> <span class='ocrx_word' id='word_1_131' title='bbox 868 2639 958 2701; x_wconf 82' lang='lat' dir='ltr'><strong>cuius</strong></span> <span class='ocrx_word' id='word_1_132' title='bbox 984 2643 1100 2703; x_wconf 87' lang='lat' dir='ltr'><strong>mentio</strong></span> <span class='ocrx_word' id='word_1_133' title='bbox 1122 2662 1192 2706; x_wconf 90' lang='lat' dir='ltr'><strong>eum</strong></span> <span class='ocrx_word' id='word_1_134' title='bbox 1215 2643 1351 2730; x_wconf 78' lang='lat' dir='ltr'><strong>dactylis</strong></span> 
     </span>
     <span class='ocr_line' id='line_1_20' title="bbox 249 2739 1350 2835; baseline 0.005 -25"><span class='ocrx_word' id='word_1_135' title='bbox 249 2745 325 2810; x_wconf 89' lang='lat' dir='ltr'><strong>mibi</strong></span> <span class='ocrx_word' id='word_1_136' title='bbox 347 2747 382 2808; x_wconf 85' lang='lat' dir='ltr'><strong>bt</strong></span> <span class='ocrx_word' id='word_1_137' title='bbox 404 2754 436 2808; x_wconf 88' lang='lat' dir='ltr'><strong>et</strong></span> <span class='ocrx_word' id='word_1_138' title='bbox 455 2745 509 2808; x_wconf 83' lang='lat' dir='ltr'><strong>iila</strong></span> <span class='ocrx_word' id='word_1_139' title='bbox 528 2739 603 2808; x_wconf 90' lang='lat' dir='ltr'><strong>mibi</strong></span> <span class='ocrx_word' id='word_1_140' title='bbox 624 2747 738 2826; x_wconf 82' lang='lat' dir='ltr'><strong>piacet</strong></span> <span class='ocrx_word' id='word_1_141' title='bbox 781 2745 875 2808; x_wconf 85' lang='lat' dir='ltr'><strong>Voce</strong></span> <span class='ocrx_word' id='word_1_142' title='bbox 898 2747 991 2835; x_wconf 64' lang='lat' dir='ltr'><strong>Lot,</strong></span> <span class='ocrx_word' id='word_1_143' title='bbox 1012 2747 1104 2810; x_wconf 77' lang='lat' dir='ltr'><strong>nebia</strong></span> <span class='ocrx_word' id='word_1_144' title='bbox 1125 2749 1255 2829; x_wconf 73' lang='lat' dir='ltr'><strong>placere</strong></span> <span class='ocrx_word' id='word_1_145' title='bbox 1284 2773 1350 2815; x_wconf 89' lang='lat' dir='ltr'><strong>rem</strong></span> 
     </span>
    </p>
   </div>
   <div class='ocr_carea' id='block_1_8' title="bbox 249 2867 1350 3057">
    <p class='ocr_par' dir='ltr' id='par_1_8' title="bbox 249 2867 1350 3057">
     <span class='ocr_line' id='line_1_21' title="bbox 249 2867 1350 2956; baseline 0.007 -26"><span class='ocrx_word' id='word_1_146' title='bbox 249 2867 479 2948; x_wconf 75' lang='lat' dir='ltr'><strong>significemus.</strong></span> <span class='ocrx_word' id='word_1_147' title='bbox 520 2869 729 2931; x_wconf 87' lang='lat' dir='ltr'><strong>Proverbium</strong></span> <span class='ocrx_word' id='word_1_148' title='bbox 757 2869 789 2929; x_wconf 87' lang='lat' dir='ltr'><strong>in</strong></span> <span class='ocrx_word' id='word_1_149' title='bbox 817 2887 890 2930; x_wconf 90' lang='lat' dir='ltr'><strong>eum</strong></span> <span class='ocrx_word' id='word_1_150' title='bbox 912 2868 1043 2948; x_wconf 88' lang='lat' dir='ltr'><strong>dicitur,</strong></span> <span class='ocrx_word' id='word_1_151' title='bbox 1074 2872 1213 2951; x_wconf 90' lang='lat' dir='ltr'><strong>quirem</strong></span> <span class='ocrx_word' id='word_1_152' title='bbox 1236 2891 1350 2956; x_wconf 82' lang='lat' dir='ltr'><strong>qrram-</strong></span> 
     </span>
     <span class='ocr_line' id='line_1_22' title="bbox 250 2969 777 3057; baseline 0.004 -23"><span class='ocrx_word' id='word_1_153' title='bbox 250 2969 337 3053; x_wconf 85' lang='lat' dir='ltr'><strong>libet,</strong></span> <span class='ocrx_word' id='word_1_154' title='bbox 361 2973 452 3035; x_wconf 83' lang='lat' dir='ltr'><strong>cuius</strong></span> <span class='ocrx_word' id='word_1_155' title='bbox 473 2975 591 3036; x_wconf 87' lang='lat' dir='ltr'><strong>mentio</strong></span> <span class='ocrx_word' id='word_1_156' title='bbox 612 2974 659 3057; x_wconf 84' lang='lat' dir='ltr'><strong>fit,</strong></span> <span class='ocrx_word' id='word_1_157' title='bbox 682 2975 777 3056; x_wconf 85' lang='lat' dir='ltr'><strong>cupit.</strong></span> 
     </span>
    </p>
   </div>
   <div class='ocr_carea' id='block_1_9' title="bbox 248 3308 1348 3670">
    <p class='ocr_par' dir='ltr' id='par_1_9' title="bbox 248 3308 1348 3670">
     <span class='ocr_line' id='line_1_23' title="bbox 249 3308 964 3437; baseline -0.006 -23"><span class='ocrx_word' id='word_1_158' title='bbox 249 3337 284 3414; x_wconf 75' lang='lat'><strong>4·</strong></span> <span class='ocrx_word' id='word_1_159' title='bbox 321 3308 432 3410; x_wconf 75' lang='lat' dir='ltr'><strong>¹Aule</strong></span> <span class='ocrx_word' id='word_1_160' title='bbox 460 3342 698 3437; x_wconf 84' lang='lat' dir='ltr'><strong>puerperium</strong></span> <span class='ocrx_word' id='word_1_161' title='bbox 728 3339 825 3412; x_wconf 76' lang='lat' dir='ltr'><strong>blava</strong></span> <span class='ocrx_word' id='word_1_162' title='bbox 853 3339 964 3412; x_wconf 84' lang='lat' dir='ltr'><strong>fuisti.</strong></span> 
     </span>
     <span class='ocr_line' id='line_1_24' title="bbox 331 3460 1348 3552; baseline 0.01 -30"><span class='ocrx_word' id='word_1_163' title='bbox 331 3460 383 3522; x_wconf 88' lang='lat' dir='ltr'><strong>De</strong></span> <span class='ocrx_word' id='word_1_164' title='bbox 403 3478 503 3526; x_wconf 86' lang='lat' dir='ltr'><strong>avaro</strong></span> <span class='ocrx_word' id='word_1_165' title='bbox 525 3461 656 3544; x_wconf 88' lang='lat' dir='ltr'><strong>dicitur,</strong></span> <span class='ocrx_word' id='word_1_166' title='bbox 687 3466 741 3546; x_wconf 88' lang='lat' dir='ltr'><strong>qui</strong></span> <span class='ocrx_word' id='word_1_167' title='bbox 761 3484 853 3546; x_wconf 89' lang='lat' dir='ltr'><strong>quum</strong></span> <span class='ocrx_word' id='word_1_168' title='bbox 878 3466 989 3548; x_wconf 78' lang='lat' dir='ltr'><strong>opibus</strong></span> <span class='ocrx_word' id='word_1_169' title='bbox 1006 3467 1158 3550; x_wconf 72' lang='lat' dir='ltr'><strong>abundet,</strong></span> <span class='ocrx_word' id='word_1_170' title='bbox 1192 3470 1224 3534; x_wconf 89' lang='lat' dir='ltr'><strong>ia</strong></span> <span class='ocrx_word' id='word_1_171' title='bbox 1242 3471 1348 3552; x_wconf 78' lang='lat' dir='ltr'><strong>inopia</strong></span> 
     </span>
     <span class='ocr_line' id='line_1_25' title="bbox 248 3567 818 3670; baseline 0 -38"><span class='ocrx_word' id='word_1_172' title='bbox 248 3567 403 3642; x_wconf 73' lang='lat' dir='ltr'><strong>avaritiae</strong></span> <span class='ocrx_word' id='word_1_173' title='bbox 416 3569 663 3670; x_wconf 62' lang='lat' dir='ltr'><strong>aestuationem</strong></span> <span class='ocrx_word' id='word_1_174' title='bbox 686 3572 818 3652; x_wconf 87' lang='lat' dir='ltr'><strong>quaerit.</strong></span> 
     </span>
    </p>
   </div>
   <div class='ocr_carea' id='block_1_10' title="bbox 271 3695 1161 3881">
    <p class='ocr_par' dir='ltr' id='par_1_10' title="bbox 271 3695 1161 3881">
     <span class='ocr_line' id='line_1_26' title="bbox 271 3695 1161 3881; baseline 0.002 -34"><span class='ocrx_word' id='word_1_175' title='bbox 271 3706 320 3836; x_wconf 72' lang='lat' dir='ltr'>s</span> <span class='ocrx_word' id='word_1_176' title='bbox 440 3695 1161 3881; x_wconf 44' lang='lat' dir='ltr'><strong>deissiditiiiii‘io</strong></span> 
     </span>
    </p>
   </div>
   <div class='ocr_carea' id='block_1_11' title="bbox 263 4008 1342 4126">
    <p class='ocr_par' dir='ltr' id='par_1_11' title="bbox 263 4008 1342 4126">
     <span class='ocr_line' id='line_1_27' title="bbox 263 4008 1342 4126; baseline 0.04 -58"><span class='ocrx_word' id='word_1_177' title='bbox 263 4019 294 4077; x_wconf 85' lang='lat'><strong>1)</strong></span> <span class='ocrx_word' id='word_1_178' title='bbox 312 4021 343 4070; x_wconf 83' lang='lat' dir='ltr'><strong>lu</strong></span> <span class='ocrx_word' id='word_1_179' title='bbox 361 4022 451 4072; x_wconf 75' lang='lat' dir='ltr'><strong>verbis</strong></span> <span class='ocrx_word' id='word_1_180' title='bbox 468 4008 563 4110; x_wconf 51' lang='lat' dir='ltr'><strong>bg»,</strong></span> <span class='ocrx_word' id='word_1_181' title='bbox 588 4011 681 4084; x_wconf 61' lang='lat' dir='ltr'><strong>wi</strong></span> <span class='ocrx_word' id='word_1_182' title='bbox 707 4023 793 4126; x_wconf 50' lang='lat'><strong>35⁸2&gt;</strong></span> <span class='ocrx_word' id='word_1_183' title='bbox 817 4048 861 4098; x_wconf 57' lang='grc' dir='ltr'><strong>ο*</strong></span> <span class='ocrx_word' id='word_1_184' title='bbox 885 4014 1172 4113; x_wconf 53' lang='lat'><strong>0-*535-3‘1</strong></span> <span class='ocrx_word' id='word_1_185' title='bbox 1202 4023 1277 4082; x_wconf 59' lang='lat' dir='ltr'><strong>‘m</strong></span> <span class='ocrx_word' id='word_1_186' title='bbox 1298 4013 1342 4110; x_wconf 63' lang='lat'><strong>0¹</strong></span> 
     </span>
    </p>
   </div>
   <div class='ocr_carea' id='block_1_12' title="bbox 318 4145 1343 4322">
    <p class='ocr_par' dir='ltr' id='par_1_12' title="bbox 318 4142 1343 4322">
     <span class='ocr_line' id='line_1_28' title="bbox 318 4145 1343 4245; baseline 0.027 -55"><span class='ocrx_word' id='word_1_187' title='bbox 318 4145 477 4195; x_wconf 83' lang='lat' dir='ltr'><strong>vocabulum</strong></span> <span class='ocrx_word' id='word_1_188' title='bbox 500 4142 577 4245; x_wconf 59' lang='lat' dir='ltr'><strong>Uet</strong></span> <span class='ocrx_word' id='word_1_189' title='bbox 603 4147 640 4198; x_wconf 84' lang='lat' dir='ltr'><strong>uit</strong></span> <span class='ocrx_word' id='word_1_190' title='bbox 657 4149 707 4199; x_wconf 78' lang='lat' dir='ltr'><strong>ctat</strong></span> <span class='ocrx_word' id='word_1_191' title='bbox 723 4163 832 4204; x_wconf 78' lang='lat' dir='ltr'><strong>saccum</strong></span> <span class='ocrx_word' id='word_1_192' title='bbox 849 4153 1035 4207; x_wconf 73' lang='lat' dir='ltr'><strong>tercentorum</strong></span> <span class='ocrx_word' id='word_1_193' title='bbox 1052 4147 1200 4218; x_wconf 65' lang='lat' dir='ltr'><strong>(tactum)</strong></span> <span class='ocrx_word' id='word_1_194' title='bbox 1216 4151 1343 4216; x_wconf 57' lang='lat' dir='ltr'><strong>wilm·</strong></span> 
     </span>
     <span class='ocr_line' id='line_1_29' title="bbox 322 4251 1175 4322; baseline 0.015 -26"><span class='ocrx_word' id='word_1_195' title='bbox 322 4259 353 4296; x_wconf 85' lang='lat' dir='ltr'><strong>re</strong></span> <span class='ocrx_word' id='word_1_196' title='bbox 369 4255 469 4315; x_wconf 72' lang='lat' dir='ltr'><strong>petest,</strong></span> <span class='ocrx_word' id='word_1_197' title='bbox 487 4251 550 4304; x_wconf 86' lang='lat' dir='ltr'><strong>beet</strong></span> <span class='ocrx_word' id='word_1_198' title='bbox 572 4253 598 4304; x_wconf 84' lang='lat' dir='ltr'><strong>tn</strong></span> <span class='ocrx_word' id='word_1_199' title='bbox 620 4253 713 4304; x_wconf 74' lang='lat' dir='ltr'><strong>lexicis</strong></span> <span class='ocrx_word' id='word_1_200' title='bbox 730 4255 792 4304; x_wconf 74' lang='lat' dir='ltr'><strong>talis</strong></span> <span class='ocrx_word' id='word_1_201' title='bbox 809 4256 969 4320; x_wconf 72' lang='lat' dir='ltr'><strong>significatio</strong></span> <span class='ocrx_word' id='word_1_202' title='bbox 986 4269 1041 4308; x_wconf 82' lang='lat' dir='ltr'><strong>aen</strong></span> <span class='ocrx_word' id='word_1_203' title='bbox 1057 4257 1175 4322; x_wconf 66' lang='lat' dir='ltr'><strong>legatur.</strong></span> 
     </span>
    </p>
   </div>
   <div class='ocr_carea' id='block_1_13' title="bbox 0 0 1450 5022">
    <p class='ocr_par' dir='ltr' id='par_1_13' title="bbox 0 0 1450 5022">
     <span class='ocr_line' id='line_1_30' title="bbox 0 0 1450 5022; baseline 0 1"><span class='ocrx_word' id='word_1_204' title='bbox 0 0 1450 5022; x_wconf 95' lang='lat' dir='ltr'><strong> </strong></span> 
     </span>
    </p>
   </div>
  </div>
 </body>
</html>
