2906 5028
531 291 759 358 ...1ae-

114 467 183 540 ldd
230 467 329 542 Vixit
354 473 469 544 vitum
494 487 626 574 peetus
650 497 761 548 ouum
802 477 840 550 in
879 493 1016 550 terram
1054 477 1192 554 demit·

227 608 376 667 lentem.

140 741 196 808 ilio
215 743 361 825 loquendi
383 745 499 810 modus
520 767 539 810 a
562 749 694 813 eamelio
716 749 881 816 derivatus
904 761 965 836 est,
996 754 1048 836 qui
1076 763 1192 833 peote-

108 849 184 909 reio
211 859 325 914 terram
347 853 453 933 posito
493 856 668 936 quieseunt.
699 857 799 922 ·vito
834 859 1001 922 commoda
1036 867 1071 922 et
1102 867 1192 921 tran·

106 955 273 1033 quilianum
296 961 421 1023 camela
443 971 556 1042 peetus
577 963 609 1025 in
632 972 750 1026 terram
772 967 959 1028 demittente
980 977 1194 1048 eomparatur.

106 1059 284 1126 Vocabulum
307 1071 397 1164 0³?
417 1069 552 1131 interior
575 1071 649 1132 oolli
669 1089 746 1152 pers
775 1073 806 1134 in
838 1074 961 1136 eamelo
991 1081 1042 1135 eet
1077 1083 1191 1152 peetus

106 1201 216 1268 vesus,
237 1207 322 1268 quae
343 1199 472 1273 terram,
495 1209 593 1272 quom
613 1189 786 1276 decumbit,
809 1195 919 1277 tangit.
936 1193 1191 1256 Proverbiioen·

105 1307 152 1352 ros
170 1303 232 1357 eet:
276 1297 369 1358 Vixit
390 1299 489 1359 vitam
511 1297 710 1361 commodam
733 1307 768 1362 et
787 1300 996 1382 tranquillam.

211 1427 370 1610 mn
394 1438 515 1628 nol
551 1439 606 1629 ἐς
642 1450 760 1628 ὠῑὲ
796 1427 924 1630 ,tu
992 1487 1046 1568 tv

105 1689 171 1762 ¹67.
221 1693 275 1764 Da
314 1691 403 1765 milri
437 1698 651 1795 portionem
690 1721 809 1768 meam
849 1697 948 1770 coeti
992 1698 1028 1768 in
1065 1693 1189 1796 lapide

218 1815 393 1889 ardente!

167 1973 315 2036 Juuuoue
345 1973 439 2038 dixit:
482 1975 593 2038 Verba
622 1975 705 2038 haee
738 1977 868 2057 protulit
894 1975 1007 2040 mulim
1028 1975 1186 2060 quaedam

102 2079 211 2140 nolum
231 2100 251 2142 a
272 2083 386 2144 marito
415 2100 477 2144 auo
505 2083 626 2147 dileeta
651 2091 686 2144 et
712 2084 868 2146 honorata
896 2085 967 2147 eibo
996 2093 1028 2146 et
1055 2083 1188 2167 vestitu,

105 2191 130 2242 ot
146 2185 208 2248 aliie
238 2189 269 2250 io
303 2187 423 2250 invidia
452 2199 550 2252 eooot.
600 2189 674 2252 Alia
702 2189 860 2271 quaedam
889 2189 999 2252 mulier
1028 2188 1187 2254 dedecore

103 2307 158 2350 ean
177 2292 336 2355 affectura
357 2296 459 2376 ipsam
479 2296 749 2378 interrogaverat,
776 2297 934 2378 quomodo
956 2297 1090 2358 moritus
1109 2315 1188 2378 erga

104 2393 188 2474 ipsam
214 2419 252 2462 se
279 2411 420 2484 gereret
472 2401 576 2481 Quam
606 2405 735 2484 optime,
763 2403 981 2486 respondens,
1009 2404 1039 2464 ei
1070 2394 1189 2486 agendi

103 2505 233 2570 rationem
254 2511 408 2572 narravit
429 2509 542 2573 Altera
564 2519 669 2574 autern
692 2511 786 2572 dixit:
823 2511 987 2590 Quaenam
1010 2519 1061 2571 est
1082 2509 1188 2570 mariti

104 2611 139 2672 toi
162 2617 288 2695 pulohra
322 2635 401 2698 erga
430 2627 463 2679 te
491 2617 609 2702 agendi
645 2617 744 2699 ratio,
774 2637 870 2699 quum
897 2618 951 2679 tihi
984 2613 1190 2678 reenenverit

103 2720 255 2796 portionem
277 2733 367 2787 tuam
389 2726 474 2787 eocti
494 2727 525 2786 in
546 2723 651 2806 lupide
673 2724 814 2788 ardente.
857 2723 914 2786 illo
944 2741 1040 2803 quum
1062 2721 1182 2782 verbo-

104 2843 156 2888 rum
175 2847 305 2894 sensum
326 2831 479 2913 neooiret,
502 2831 705 2914 interrogans
735 2829 874 2911 audivit,
910 2829 1060 2908 optimum
1084 2829 1187 2891 eibum

104 2949 173 2994 eoae.
212 2937 296 2999 'l'um
319 2938 430 2999 verbio
452 2937 522 3000 iotis
543 2939 640 3001 iidem
661 2939 800 3014 lrabeoa,
823 2957 842 3000 a
864 2937 976 3002 morito
998 2954 1057 2998 ouo
1089 2935 1185 2996 istum

103 3038 187 3102 eibum
207 3041 309 3122 petiit.
351 3043 489 3105 Maritus
511 3051 619 3106 auteur
641 3044 750 3104 atatim
773 3043 939 3126 eognovit,
969 3059 1104 3104 uxorem
1125 3039 1188 3102 de-

104 3155 209 3226 oeptam
230 3169 320 3232 enee,
342 3149 403 3212 oed
424 3169 491 3212 rem
512 3168 668 3214 recusare
689 3149 789 3211 noluit
810 3159 940 3230 optans,
964 3156 1014 3230 ut,
1046 3166 1083 3212 ee
1103 3165 1186 3208 non-

103 3249 150 3310 nioi
166 3272 271 3316 amore
295 3263 487 3318 commotum
506 3275 572 3316 rom
597 3273 660 3315 nou
681 3252 820 3334 dedisse,
850 3253 1062 3334 intelligerem
1105 3252 1184 3314 dixit

104 3352 193 3436 igitur:
233 3363 369 3426 Summo
392 3381 464 3426 eum
494 3363 658 3444 voluptate
691 3361 775 3423 hene
804 3360 858 3422 tibi
874 3378 954 3426 ,rem
983 3357 1125 3421 coneedo
1156 3367 1189 3418 et

104 3460 198 3528 nciam
219 3469 346 3550 quidem
366 3468 429 3532 hae
450 3478 556 3553 noete,
577 3485 675 3550 quum
697 3476 844 3547 pastores
873 3465 999 3528 domum
1028 3465 1184 3526 venerint.

104 3567 190 3646 ouum
214 3584 363 3655 pastores
389 3585 496 3657 potum
516 3577 732 3658 vespertinum
760 3573 821 3636 eibi
845 3580 1034 3656 parassent,
1053 3591 1186 3636 uxorem

104 3675 234 3742 advocari
256 3683 361 3765 iussit,
384 3691 417 3744 et
439 3683 577 3765 lapidem
598 3681 805 3765 condentem,
834 3699 932 3764 anper
960 3700 1022 3762 quo
1050 3681 1102 3740 iao
1127 3697 1187 3741 eo-

105 3789 175 3846 dum
200 3797 277 3868 erat,
300 3789 331 3850 iu
354 3791 499 3852 manibus
525 3791 595 3852 eitra
619 3791 735 3870 posuit.
756 3789 872 3850 Mulier
891 3765 998 3850 autem
1020 3788 1101 3849 illam
1128 3784 1189 3846 de-

106 3887 208 3968 o'pieua
229 3893 369 3981 dixerat,
392 3898 528 3962 calidum
551 3917 628 3960 esse
649 3897 679 3958 in
700 3914 795 3958 manu
813 3895 937 3977 quando
962 3890 1189 3984 eentieellapi⁴
1288 3971 1295 3982 .

107 3992 183 4081 dem,
221 4023 261 4065 ne
295 4004 380 4068 illum
411 4005 536 4087 abiiee,
578 4003 638 4067 oed
662 4022 790 4066 manum
817 4003 949 4064 alteram
987 4007 1020 4062 et
1049 3999 1188 4080 linguam

107 4097 130 4160 io
146 4121 232 4172 usum
250 4103 385 4192 adhibe!
430 4110 523 4188 Quod
545 4111 709 4175 eonsilium
740 4129 833 4190 quum
855 4116 972 4169 neouta
998 4112 1108 4185 esset,
1136 4105 1190 4166 ia·
1248 4187 1267 4210 κ

108 4215 177 4274 dum
195 4224 255 4298 eet,
275 4227 309 4280 ut
331 4225 364 4280 et
385 4237 511 4282 manum
531 4227 565 4282 et
583 4220 723 4302 linguam
745 4211 897 4278 laederet.
927 4213 1078 4274 Dolorem
1092 4211 1205 4279 iatum',
