2864 5030
480 333 709 398 ..443-

62 524 236 586 curvitatem
257 527 290 580 ot
312 517 554 580 declinationem
586 517 617 576 in
647 533 710 576 uno
740 514 874 578 boutero
895 515 1068 598 siguificat.
1089 513 1147 576 Sic

62 624 332 692 Samaobscbarius
354 621 556 703 proverbium
587 619 763 684 adnotavit.
805 622 881 683 Vox
902 615 973 698 δῶ
1000 621 1144 684 deelina-

61 753 161 812 bouem
182 767 202 810 a
223 755 312 808 recto
335 755 367 806 et
382 743 566 805 iniustitiam
582 739 733 824 sigificat.
755 746 801 806 At
821 763 902 806 voro
924 745 953 806 si
974 743 1143 806 lectionem

60 859 143 958 ὀμ
161 855 321 934 admittis,
351 849 545 930 obliquitatis
575 851 606 910 iu
632 869 693 914 uno
714 851 809 914 faciei
830 852 931 913 latere
951 848 1142 934 significatio

62 980 212 1060 proverbio
234 975 395 1040 convenit.

308 1153 441 1270 sisi
477 1139 722 1336 dubit
795 1193 841 1270 tu

64 1429 134 1501 118.
160 1425 269 1494 Omni
297 1421 412 1493 tor-bo
431 1419 705 1495 inconsiderate
732 1417 834 1492 dicto
861 1417 1040 1518 colligens
1056 1436 1123 1492 est.

130 1587 336 1650 Alazmitibus
363 1588 480 1668 aliique
504 1586 712 1666 adnotarunt,
746 1603 863 1648 vocem
884 1583 988 1650 'eliatha
1008 1585 1142 1646 verbum

61 1725 135 1791 esse,
164 1729 227 1792 quo
256 1710 351 1770 homo
380 1708 615 1770 inconsiderate
648 1711 768 1790 prolato
798 1717 893 1770 erret.
922 1707 1002 1770 'l'alo
1030 1715 1139 1769 autom

62 1817 177 1878 verbum
208 1817 248 1878 ab
288 1815 436 1876 audiente
462 1814 504 1877 ad
532 1816 612 1876 alios
653 1815 775 1876 deferri.
818 1816 942 1878 Littera
969 1831 984 1878 s
1012 1814 1043 1874 in
1066 1829 1149 1874 voco

62 1935 152 2020 abab,
173 1947 210 2000 ut
237 1939 289 2001 vis
316 1937 466 1999 vocabuli
494 1947 651 2019 augeatur
687 1947 743 2000 aut
770 1946 805 1999 ut
832 1935 1035 2017 praecedenti
1070 1935 1147 1997 voci

62 2076 186 2124 musena
208 2061 262 2141 sit,
284 2059 391 2122 addita
412 2068 471 2120 est
516 2060 608 2138 Sunt,
623 2057 677 2138 qui
698 2055 817 2136 dicant,
834 2058 994 2138 proverbii
1014 2075 1147 2121 mosum

62 2183 139 2228 este:
181 2166 274 2230 Ornoi
313 2164 544 2228 inconsiderate
575 2163 660 2224 dioto
682 2164 767 2224 auris
787 2173 858 2244 est,
887 2163 1043 2243 siquidem
1063 2163 1149 2252 auris

63 2273 147 2334 verba
172 2273 312 2354 colligat.

331 2437 455 2624 lssjtt
489 2424 612 2592 Utsi
643 2423 753 2583 titi
819 2489 857 2568 tt

68 2718 134 2788 llll.
185 2713 269 2786 Nox
297 2711 461 2788 incidens
487 2714 628 2788 malum
648 2712 844 2786 abscondit

94 2851 180 2930 Quod
194 2857 246 2916 vis
259 2873 426 2940 peragere,
442 2862 540 2918 noctu
556 2872 690 2937 perago,
709 2873 774 2916 nox
788 2855 871 2916 onim
887 2861 1048 2915 semotum
1063 2860 1151 2914 tuum

66 2960 137 3039 tegit.
177 2960 288 3023 Verba
311 2961 391 3023 baec
413 2961 572 3042 Sarijjabo
602 2962 874 3025 ben-0bwairnir
895 2958 1147 3022 ben-Abi-Abdi

65 3059 226 3127 llbltailitao
247 3065 479 3128 adscribuntur.
502 3067 679 3129 Tenbabus
693 3064 974 3146 ben-Albomajjir,
996 3064 1148 3147 gentibus

66 3167 360 3235 Banu-Chaladbab
383 3181 415 3233 et
435 3173 653 3236 Banu-dubl
670 3174 866 3255 iitigantibus
888 3173 971 3254 apud
992 3175 1151 3235 Hamma-

66 3289 136 3336 uum
166 3259 443 3340 beo-Motliarrel
471 3280 686 3361 Obkailitorn‚
714 3297 809 3360 quern
843 3281 1030 3341 Morwartus
1066 3279 1149 3340 ben-

67 3379 195 3445 blbacim
209 3387 315 3466 gentis
335 3385 559 3447 Banu-Abmir
575 3385 706 3448 decimis
724 3385 964 3467 praepositam,
984 3405 1004 3448 a
1022 3387 1151 3448 'isauro

66 3483 347 3554 ben-Abi-Simabn
371 3493 531 3556 0blrailita
549 3495 580 3554 in
602 3493 686 3555 facie
708 3493 892 3558 vulneratus
923 3500 999 3555 erat.
1043 3493 1149 3554 liant-

68 3611 174 3658 uamus
191 3598 358 3681 'l'anbabo7
373 3605 408 3659 ut
430 3617 468 3659 se
488 3596 678 3682 vindicaret,
700 3601 859 3679 permisit3
880 3597 939 3661 sod
961 3598 1012 3659 ille
1042 3597 1153 3661 lacere

67 3707 212 3766 remant
252 3705 382 3787 diceus,
415 3707 479 3767 boc
516 3708 639 3770 nonnisi
679 3725 750 3769 cum
779 3707 959 3769 Hammami
974 3721 1152 3767 ·consensu

69 3805 170 3872 laetum
198 3828 273 3873 esse
303 3821 336 3874 et
361 3812 391 3873 in
421 3815 503 3876 alius
532 3815 712 3895 praeseutia
740 3815 900 3876 'l'saurum
932 3813 1015 3874 baec
1044 3827 1147 3872 ausu-

71 3929 125 3974 rum
153 3934 216 3978 nou
244 3915 356 3980 luisse.
379 3917 502 3982 Postea
523 3919 699 3983 'laubabus
713 3921 831 3982 certior
851 3921 974 3999 factus,
995 3917 1153 3980 rourum

71 4023 246 4084 consociis
266 4024 307 4087 ad
328 4043 456 4108 aquam,
478 4044 571 4107 quarn
602 4025 816 4120 possidebant,
839 4025 963 4106 Djarim
985 4021 1040 4083 vel
1069 4019 1153 4100 Djo-

71 4127 123 4187 uin
147 4129 335 4210 appellatam
355 4133 415 4194 iter
444 4125 564 4209 lacere,
594 4113 666 4197 edin
690 4138 769 4200 cbrn
797 4133 895 4198 sociis
924 4136 1058 4192 secutus
1091 4133 1144 4188 est

70 4227 160 4306 Quom
192 4245 295 4300 autem
322 4239 495 4302 'laubabus
526 4257 583 4302 eos
612 4241 697 4320 apud
732 4231 946 4319 Sarijjdbom‚
982 4234 1037 4313 qui
1070 4248 1152 4296 uuus
1210 4310 1212 4319 Ι
