2908 5028
690 305 916 370 ..ppp-

249 489 372 554 dixisse
388 487 529 567 lortor').
551 487 613 566 Qui
629 506 724 570 quum
746 489 834 550 solos
855 489 1034 572 ingentem
1056 489 1140 553 'l'lrai
1159 493 1341 575 inmineret,

247 595 444 658 Haritsahus
467 595 646 658 ben-Lam
670 592 811 674 'thajjita
831 595 932 656 virum
954 598 1061 687 gentis
1080 616 1177 681 suae,
1199 600 1254 681 qui
1276 601 1342 662 iirt-

248 705 349 766 rimus
378 701 612 784 appellabatur,
632 703 746 764 fortem
769 709 802 762 et
823 713 986 766 strenuum
1007 703 1049 767 ad
1074 724 1112 768 sa
1142 708 1277 768 vocavit
1299 709 1346 768 in-

249 824 435 898 terrogans,
468 833 543 876 num
578 815 618 876 ab
640 813 700 875 isto
728 832 828 894 pravo
861 833 933 876 eum
963 814 1096 878 liberare
1126 827 1251 897 posset.
1293 816 1350 895 Qui

250 941 344 1004 quum
375 938 414 982 se
434 937 532 1001 possa
557 918 799 999 respondisset,
827 919 939 981 decern
969 922 1189 1003 speculatores
1217 941 1290 984 cum
1312 943 1348 984 eo

250 1029 344 1090 misit.
365 1029 560 1088 Invenerunt
580 1025 665 1086 illurn
687 1024 718 1085 in
741 1023 850 1086 umbra
866 1025 989 1087 arboris
1011 1028 1148 1090 Araca
1168 1031 1347 1110 appellatae

252 1135 455 1197 dormientem
488 1141 521 1194 et
552 1151 670 1213 equum
700 1131 741 1194 ad
772 1134 858 1194 latus
885 1133 1060 1210 alligatum.
1102 1135 1162 1197 Vir
1183 1137 1280 1217 igitur
1301 1135 1350 1196 ilie

251 1251 401 1303 strenuus
428 1257 499 1300 eum
522 1241 611 1302 socio
639 1238 679 1300 ad
705 1257 780 1300 eum
809 1237 985 1300 descendit.
1027 1241 1106 1302 Eius
1127 1243 1276 1302 manibus
1297 1261 1350 1304 ar·

250 1347 349 1427 raptis
370 1346 401 1406 iu
422 1353 507 1406 terra
528 1342 697 1406 cubantem
718 1345 924 1406 retinuerunt.
945 1345 990 1406 At
1004 1347 1163 1429 evigilans
1185 1347 1348 1409 dexteram

250 1471 376 1516 manum
398 1437 440 1514 ἐκ
461 1450 553 1512 unius
565 1449 711 1514 manibus
731 1450 899 1512 retrahens
914 1451 1022 1532 iugulo
1038 1469 1225 1533 oompresso
1247 1443 1370 1516 virum'

253 1559 393 1622 necavit.
436 1559 517 1620 Tum
538 1557 650 1637 reliqui
672 1555 863 1618 advolarunt
883 1567 916 1620 et
937 1559 1094 1622 iacentem
1109 1561 1248 1624 vinculis
1272 1578 1351 1624 con·

251 1669 456 1729 strinxerunt.
500 1661 609 1726 Occisi
630 1671 736 1724 eutem
761 1663 844 1725 lilius
870 1664 1067 1728 Haudsahus
1086 1667 1292 1749 ben-lhtrim,
1317 1677 1350 1730 ut

251 1772 310 1834 sibi
331 1771 381 1830 ius
402 1765 581 1829 vindicandi
603 1766 847 1848 concederetur,
870 1771 967 1848 petiit.
991 1767 1131 1854 Caeteri,
1154 1791 1192 1832 se
1214 1792 1288 1834 eum
1310 1773 1350 1834 ad

252 1873 482 1939 Harithsahum
510 1871 704 1936 adducturos
734 1893 831 1954 esse,
853 1873 1011 1938 dixerunt.
1059 1877 1252 1940 Advenienti
1281 1881 1351 1941 lia·

253 1983 394 2046 ritsahus
421 1981 515 2043 dixit:
537 1984 623 2082 caefi
651 1979 734 2047 title
760 1982 837 2080 iffi
859 1981 939 2054 wi
957 1987 998 2082 Ol
1022 1983 1174 2069 ,psitt‘lp
1199 1985 1248 2049 „0
1272 1987 1349 2049 Cal-

252 2107 346 2190 habe,
366 2107 395 2170 si
413 2115 528 2187 captus
540 2123 623 2166 nuno
638 2123 687 2185 es,
703 2114 735 2167 et
752 2107 943 2188 saepissime
957 2107 1103 2187 captivos
1119 2108 1257 2169 fecisti«.
1273 2107 1349 2172 cat-

252 2211 356 2274 habus
376 2211 513 2276 antemi
547 2213 553 2226 ’
594 2211 723 2292 verbis,
744 2230 826 2292 quae
853 2213 884 2272 in
906 2213 1066 2292 proverbii
1087 2207 1348 2275 consuetudinem

252 2329 432 2400 venerunt,
456 2338 508 2381 res
574 2316 627 2379 dit.
669 2317 864 2380 Haritsahrrs
896 2327 961 2380 tum
992 2319 1091 2385 occisi
1121 2319 1195 2396 lilio,
1217 2329 1255 2381 at
1276 2320 1348 2381 vin·

251 2424 368 2488 dietam
399 2434 562 2504 sumeret,
594 2425 745 2505 permisit.
788 2425 915 2506 Reliqui
956 2433 1062 2488 autem
1095 2425 1169 2488 dum
1210 2427 1290 2489 mter
1315 2445 1349 2488 se

253 2552 434 2596 sermonem
469 2529 650 2614 iaciebant,
688 2531 849 2594 Calhabus
885 2533 1016 2594 vincula
1046 2535 1179 2595 solvens
1211 2535 1289 2618 luga
1314 2552 1347 2595 se

254 2641 370 2721 eripuit
389 2647 478 2702 tanta
499 2639 671 2713 celeritate,
693 2646 729 2699 ut
750 2638 811 2717 ipsi
832 2639 922 2720 equis
944 2639 1101 2702 vehentes
1122 2659 1194 2702 eum
1216 2661 1279 2702 non
1299 2649 1348 2701 at·

254 2747 424 2829 tingerent.
466 2746 539 2812 'l'aii
569 2744 664 2807 modo
692 2743 875 2807 vindicandi
894 2763 955 2827 spe
982 2746 1135 2810 frustrata
1155 2745 1345 2810 Haudsalrus

253 2852 315 2916 hos
336 2871 451 2915 versus
473 2853 567 2914 dixit:

915 2975 973 3003 tr.-
999 2962 1113 3004 ,ΙΙοΙ
1140 2967 1218 3004 ae!
1255 2977 1269 3004 ι

253 2977 326 3116 iusi?
351 2981 451 3116 φῦ*
468 2973 545 3087 ⁸3⁸*
568 2971 668 3095 293ss
689 3005 767 3071 Μ
798 2989 872 3093 03³⁶
895 3014 959 3091 ὦ,
984 3009 1046 3092 vel
1072 3011 1112 3102 ol
1127 3004 1216 3095 μ’
1241 2984 1297 3116 ξυῖ
1316 2986 1346 3129 d}

255 3255 582 3364 ,injustis
614 3217 1346 3370 sptfflrfrsetatiteueous

239 3407 371 3504 'nnpud
392 3427 496 3488 Deum
519 3444 654 3507 queror,
676 3421 758 3506 quod
779 3421 876 3485 redeo
899 3431 931 3484 et
951 3423 1012 3484 iam
1043 3421 1184 3484 substitit
1213 3423 1267 3486 ille
1295 3440 1349 3484 oc-

295 3527 474 3606 cidendus,
497 3533 588 3612 periit
609 3533 690 3593 enim
713 3531 820 3614 gentis
842 3527 987 3591 dominus
1009 3526 1168 3590 Ihtrimus.
1209 3531 1350 3591 Mortuus

297 3645 403 3698 autem
429 3646 478 3700 est
509 3637 578 3700 sine
606 3638 749 3700 vindicta
769 3638 830 3699 isto
851 3635 946 3728 modo
967 3656 1024 3719 per
1044 3655 1169 3698 manum
1192 3637 1252 3697 viri
1272 3637 1351 3697 vilis.
1428 3701 1431 3708 ,

298 3741 342 3804 Et
374 3743 403 3804 si
438 3763 500 3806 nou
536 3745 616 3816 (lroo
637 3743 848 3824 accidisset),
871 3743 990 3806 dictum
1012 3743 1147 3806 sitisset:
1171 3741 1349 3806 Vindictam

272 4073 298 4134 t)
317 4073 358 4120 nt
376 4071 546 4133 proverbium
565 4069 596 4122 0.
614 4073 714 4137 xxiv,
732 4073 795 4122 869.
811 4069 913 4132 tegitur
929 4069 1029 4134 orstio,
1047 4079 1126 4131 qaam
1143 4065 1269 4116 neutros
1287 4065 1349 4114 berr-

321 4161 456 4212 Altlrsarlb
486 4163 561 4227 gasti
581 4175 649 4213 susa
677 4161 776 4212 inbuit.
816 4163 845 4212 ln
884 4161 934 4210 ists
962 4159 1085 4212 oratioue
1114 4157 1248 4221 prooemii
1278 4154 1349 4205 inlus

320 4249 448 4313 leguntur
466 4254 558 4304 verton.
1322 4239 1331 4266 '
