2864 5030
500 391 541 400 -
583 353 646 417 4³5
687 387 728 398 -

74 551 973 755 edietuffomffimuteu„
997 567 1049 720 ,⁰5
1119 617 1157 697 tt

70 1051 119 1121 tt.
165 1049 202 1120 Si
244 1075 303 1122 res
347 1047 582 1124 commodata
621 1052 849 1149 interrogata
877 1051 1025 1125 fuisset:
1068 1051 1157 1142 Quo

160 1171 261 1245 abis?
300 1172 474 1274 profecto
515 1171 681 1246 dixisset:
724 1171 869 1262 Effioio,
913 1191 968 1263 ut,
1006 1178 1073 1276 qni
1099 1201 1159 1252 me

165 1295 280 1384 dedit,
309 1298 537 1395 vituperium
573 1300 754 1396 acquirat.

141 1413 247 1474 Verbo
274 1415 419 1475 Aotsemi
449 1415 510 1476 ben
540 1413 625 1476 Zeifi
652 1423 737 1477 sunt
780 1416 935 1476 Homines
964 1425 1072 1480 mutuo
1095 1439 1159 1501 pe·

73 1518 136 1578 tenti
162 1517 275 1580 dantes
303 1519 523 1597 benefaciunt3
549 1518 609 1582 sed
637 1527 820 1598 repetentes
849 1527 956 1580 mutuo
988 1519 1098 1584 dotum
1119 1525 1158 1586 ab

72 1639 104 1681 eo
121 1641 178 1682 non
199 1623 355 1705 gratiam,
376 1623 435 1686 sed
458 1625 646 1704 vituperium
668 1622 843 1703 acquirunt.
879 1620 1088 1689 Proverbium
1109 1628 1160 1689 in-

72 1730 142 1805 gmi
159 1728 295 1791 hominis
316 1730 454 1791 animum
476 1728 634 1812 designat.

73 2120 119 2188 93.
168 2115 344 2190 Profecto
371 2133 409 2188 te
435 2116 657 2190 contraham
684 2117 798 2190 modo
826 2115 1051 2216 digitorum!

115 2242 289 2304 Meidunius
307 2244 338 2304 in
366 2243 496 2305 scholiis
518 2244 610 2324 dixit,
633 2248 720 2336 >stadt
738 2244 980 2306 lemanensibus
998 2243 1159 2326 proprium

74 2366 246 2428 vocobulum
278 2365 397 2448 digitos
413 2425 416 2432 ,
433 2367 625 2447 significare.
668 2368 713 2429 At
740 2385 820 2428 vero
855 2367 926 2430 eliis
960 2367 1161 2430 inaurium
1262 2401 1268 2414 ι

74 2471 247 2549 significatio
274 2473 515 2534 lomenensibus
546 2473 671 2554 proprie
704 2490 779 2532 esse
814 2471 958 2552 videtur,
991 2472 1076 2534 unde
1104 2491 1162 2533 rex

74 2576 180 2652 quidun
196 2577 364 2680 ‘anteibat
385 2595 583 2659 „possessor
596 2573 771 2640 inaurium“
790 2596 969 2660 cognomen
991 2577 1161 2657 occeperit.

74 2989 122 3060 tt.
166 2989 242 3063 Nisi
282 2991 360 3062 eius
387 2992 613 3088 praestantia
638 2987 780 3076 fnisset,
814 2983 986 3086 profecto
1013 2986 1161 3058 attritus

163 3113 311 3190 fuisset!

139 3245 210 3308 Nisi
238 3257 328 3309 tento
369 3249 482 3310 robore
514 3257 548 3310 et
580 3242 776 3327 praestantia
813 3238 947 3319 fuisset,
977 3239 1030 3300 iilo
1064 3255 1161 3300 onere

75 3346 125 3426 itti
141 3353 294 3432 portende
314 3354 461 3434 imposito
481 3354 567 3415 ferre
588 3370 650 3412 nou
671 3349 836 3430 potuisset.

75 3479 1162 3654 tsiieffffitsstnpmtto,fflo

79 3723 126 3790 tt.
173 3723 327 3796 Utinam
381 3723 471 3795 mihi
524 3721 677 3822 quidam
728 3718 764 3791 id
813 3718 946 3804 faciat,
997 3714 1163 3802 donecis,

178 3851 285 3922 ouius
313 3847 435 3922 fatum
459 3850 574 3947 magis
602 3840 793 3949 properat,
819 3845 1003 3917 moriatur
1029 3843 1037 3910 i

145 3979 310 4043 Proverbii
339 3982 436 4044 huius
467 3980 625 4062 posterior
646 3994 720 4058 pers
740 3995 783 4038 ex
804 3991 904 4036 versu
927 3970 1075 4033 desumto
1099 3973 1165 4046 est,

80 4097 157 4160 quem
177 4087 380 4170 Atrghtobus
400 4087 528 4168 lhdjiittt
543 4086 638 4148 dixit:

876 4411 946 4485 28*
