2908 5028
521 311 749 375 ..645-

80 497 165 572 196.
214 492 349 595 Neque
374 516 505 564 manus
530 513 656 592 neque
681 487 819 610 digitus
855 489 927 566 hue
965 494 1002 566 iu
1029 519 1070 567 re
1094 489 1185 566 mihi

210 634 277 695 est.

159 761 310 826 Meritum
332 758 407 822 mihi
427 759 546 822 nulium
567 758 630 822 hee
649 759 682 822 in
703 779 737 824 re
759 767 822 824 est.

256 878 1005 1076 &Quurt

80 1122 164 1194 197.
192 1115 278 1189 Nou
297 1111 371 1188 vidi
390 1117 619 1217 accipitrem,
637 1116 698 1187 cui
719 1115 797 1189 avis
816 1113 921 1189 tarde
937 1113 1174 1190 insidiaretur

161 1265 213 1326 De
233 1263 329 1326 nubili
351 1259 529 1344 adhibetur,
553 1281 646 1345 quem
668 1263 742 1326 vilis
762 1265 922 1348 subiugat.

377 1417 895 1635 ᾡὲωῦὥ

80 1703 166 1773 198.
218 1698 339 1787 Quam
366 1697 512 1773 diversa
537 1715 593 1772 est
621 1697 801 1774 Omamah
828 1701 875 1774 ub
902 1698 1050 1780 Hinda!

160 1841 304 1903 Duarum
336 1842 503 1904 mulierum
535 1841 661 1904 nomine
687 1850 771 1904 suut.
792 1845 876 1904 eunt.
910 1842 948 1906 0.
974 1841 1102 1927 xxtv,
1128 1842 1180 1904 12.

75 1946 296 2009 Differentiam
319 1947 398 2009 inter
419 1947 501 2010 dtur
522 1966 576 2010 res
596 1945 769 2030 signifieat,
790 1957 826 2010 ut
846 1967 908 2010 une
928 1948 1057 2014 ulterius
1085 1945 1178 2010 euiu-

74 2054 240 2134 paratione
261 2052 405 2116 institute
426 2054 549 2116 definiri
571 2072 634 2115 non
656 2054 770 2134 possit.

334 2183 800 2375 tgr-‘Quiri
869 2235 916 2318 ru

77 2443 162 2520 199.
214 2440 345 2543 Neque
370 2458 513 2516 stamen
541 2435 634 2514 telae
660 2465 784 2544 neque
810 2421 1028 2546 subteguen
1049 2440 1175 2516 habet.

157 2597 286 2660 Nullam
307 2616 375 2660 rem
396 2597 548 2680 possidet

74 3017 158 3085 200.
210 3011 455 3112 Superstitem
474 3027 510 3084 te
529 3035 607 3085 esse
632 3035 710 3083 non
726 3007 849 3082 voluit
874 3009 916 3098 is,
930 3007 996 3111 qui
1014 3005 1114 3083 leoni
1139 3024 1175 3084 te

210 3134 359 3212 obiecit.

154 3273 208 3344 De
230 3295 269 3338 eo
293 3275 415 3358 dicitur,
438 3276 489 3358 qui
510 3273 552 3337 ed
572 3293 640 3335 rem
661 3271 886 3355 perficiendum
907 3279 940 3334 te
958 3274 1057 3357 eogit,
1078 3277 1170 3340 euius

74 3379 147 3444 finis
169 3382 225 3444 tibi
244 3391 359 3464 gratus
379 3401 445 3444 uou
466 3389 525 3444 est.

246 3531 891 3751 igrgssrrgsutttu
958 3609 1002 3689 r..

72 3825 180 3891 201..
210 3815 346 3890 Similis
383 3831 439 3892 est
463 3810 771 3895 struthiocamelo
797 3839 925 3917 neque,
946 3812 1024 3886 arie
1050 3837 1174 3916 neque

206 3940 386 4016 camelus.

122 4101 159 4162 lu
180 4098 340 4166 huminem
364 4099 491 4181 dieitur,
515 4099 566 4162 eui
586 4117 690 4182 neque
709 4097 827 4161 bonum
847 4116 953 4180 nuque
974 4095 1089 4159 melum
1109 4096 1172 4161 ed-

75 4209 235 4274 scribitur.
