2890 5028
532 345 759 410 ..489-

84 551 122 594 uo
145 531 352 612 proverbium
368 529 547 613 adhibetur,
570 533 624 613 qui
644 533 757 596 iterum
776 532 941 616 adfligitur
962 542 996 596 et
1017 535 1100 599 maio
1121 535 1186 598 ad-

85 638 203 700 dcitur.
254 639 384 720 Dicant,
422 645 585 700 auctorem
620 639 781 719 proverbii
814 639 1000 722 prophetam
1028 661 1116 721 esse,
1139 645 1191 706 cui

85 747 181 808 Deus
189 739 319 808 faveat!
340 753 374 809 et
389 745 826 809 eumv'erbaAbu-Ohssaho
848 755 963 828 poetae
985 747 1123 831 dixisse,
1144 755 1194 814 cui

84 853 220 933 primurn
241 855 272 914 iu
293 851 413 933 proelio
434 850 599 914 Bedrense
625 854 754 935 captivo
775 851 1017 935 condonaverit,
1039 853 1192 918 tum'ite·

83 979 155 1021 ram
185 960 218 1020 in
245 958 364 1040 praelio
394 957 567 1021 0hodense
597 961 726 1041 captiva
761 967 794 1022 et
824 961 950 1025 venium
979 962 1106 1044 roganti
1127 964 1189 1026 ista

83 1067 187 1130 verba
208 1065 332 1130 dixerit.
353 1065 390 1128 ld
411 1074 477 1131 est:
502 1068 540 1132 Si
559 1067 696 1130 medeas
717 1068 1041 1149 (Mohemmedauus)
1057 1070 1189 1155 luisses,

83 1195 148 1238 uon
171 1173 287 1236 iterum
308 1182 421 1236 contra
441 1191 502 1236 nos
523 1171 742 1256 pugnasses“.
764 1177 848 1238 conf.
863 1195 954 1258 prov.
975 1177 1064 1239 ddi„

225 1541 228 1551 ·
759 1516 781 1557 fl

81 1599 172 1670 ¹288.
221 1593 308 1694 Non
346 1607 400 1667 est
447 1592 600 1668 fortuna
648 1594 717 1668 nisi
757 1591 861 1695 quod
904 1607 990 1666 ete
1026 1619 1085 1670 res
1121 1594 1188 1702 tibi

222 1721 382 1820 ingratus
403 1719 566 1820 repellit.

172 1851 297 1914 Dicitur
316 1847 421 1918 meib
445 1873 521 1946 ruso
546 1829 741 1937 '„Percussit
769 1873 840 1915 eum
868 1861 901 1914 ct
927 1872 1000 1916 eunr
1029 1871 1090 1917 suo
1117 1855 1189 1917 loco
1227 1899 1230 1908 .

85 1971 244 2039 occidit“.
287 1977 369 2038 'lum
398 1974 544 2056 scholion
566 1975 657 2037 hisce
678 1974 786 2036 verbis
808 1975 1011 2061 proverbium
1035 1976 1191 2059 explicat:

84 2081 819 2188 opsffiotpflffttweut·
850 2066 1194 2184 μωρῷ

86 2218 160 2296 ω’,ὸ
180 2207 351 2290 „Fortuna
383 2224 464 2268 vera
492 2214 623 2269 tuaest
645 2225 702 2286 ea,
732 2224 816 2288 quae
843 2225 909 2266 rern
937 2207 1094 2290 ingratam
1117 2224 1138 2267 a
1158 2213 1191 2268 tc

87 2330 220 2413 depellit
248 2338 282 2392 at
310 2329 372 2392 hoe
398 2337 467 2411 est,
496 2328 579 2410 quod
601 2328 760 2392 inimicum
789 2338 876 2390 tuum
904 2327 1021 2390 occidit
1054 2336 1088 2388 te
1129 2348 1191 2390 aon

88 2450 233 2502 uuante.
274 2437 385 2500 Verba
401 2439 485 2500 haec
506 2435 586 2499 dixit
613 2434 873 2516 Moahwijohus,
895 2453 991 2516 quum
1012 2434 1192 2497 Ahbd-Al-

89 2548 265 2610 ralrmunus
286 2543 483 2608 ben-Chalid
501 2541 737 2624 ben-Alwalid,
754 2544 847 2607 cuius
866 2554 976 2625 partes
993 2561 1033 2602 ne
1048 2541 1194 2605 homines

89 2653 363 2735 memoriensem,
377 2652 537 2731 timuerat,
549 2650 699 2715 amedion
715 2669 841 2712 veneno
854 2649 928 2712 dato
940 2650 1086 2712 sublatus
1095 2656 1193 2710 esset

253 2803 842 2998 &Qlfm'll
912 2866 973 2944 nt
1105 2994 1107 3006 Ι

92 3071 178 3142 289.
228 3065 310 3139 Non
329 3026 479 3166 'quaero
506 3065 701 3162 vestigium
729 3019 811 3163 poet
835 3087 912 3134 rem
940 3062 1068 3161 ipsam.

132 3205 314 3270 Meidauius
334 3207 429 3290 dixit,
459 3226 498 3268 se
519 3206 722 3287 proverbium
751 3222 823 3271 cum
844 3203 977 3276 historia
998 3203 1121 3283 (littera
1141 3204 1195 3301 ὼ)

94 3331 155 3392 iarn
177 3329 336 3392 adtulisse
364 3340 396 3392 et
423 3330 620 3412 repetitionis
642 3345 774 3389 causam
797 3345 890 3403 esso,
909 3327 994 3410 quod
1014 3328 1195 3392 Anu-on-

92 3438 203 3499 baidus
223 3436 254 3499 id
277 3438 339 3500 hoc
365 3436 483 3518 modo,
506 3453 567 3520 quo
596 3441 675 3498 voro
696 3450 814 3498 sensus
837 3455 899 3498 non
919 3441 1067 3516 mutetur,
1095 3435 1194 3500 adtuJ

95 3544 491 3624 mmmmu

98 3971 177 4042 290.
203 3967 304 4070 Nubj
332 3997 467 4043 cunum
492 3921 645 4043 intratus
675 3996 751 4042 non
768 3985 889 4043 nocet.
970 3963 977 3979 ’

112 4179 115 4182 .
175 4129 226 4189 De
247 4129 379 4192 homino
395 4129 529 4212 dicitur,
551 4132 605 4212 qui
631 4130 724 4192 alteri
747 4147 785 4192 re
817 4129 877 4210 ipsi
905 4119 990 4191 haud
1016 4125 1112 4188 noxia
1133 4143 1195 4188 uo·
1220 4112 1224 4122 ’

102 4249 172 4294 cere
193 4237 289 4316 cupit.
333 4237 469 4320 [regitur
489 4237 617 4318 quoque
632 4263 699 4334 sq
713 4245 764 4320 μ
784 4237 899 4318 „Num
920 4226 1042 4297 uocett
