2906 5028
709 309 938 372 ..152„.

532 507 824 710 ΰμῖως
860 503 998 670 &iii
1067 569 1125 644 tr.

282 780 367 848 230.
422 773 587 848 Celerius
614 797 779 860 currens,
806 798 919 872 quem
946 770 1200 844 Alschenfore·
1299 875 1304 888 ,

327 928 332 942 ·
363 912 412 971 De
434 910 497 972 hoc
518 910 588 972 viro
602 908 685 1000 ‘vide
706 908 852 968 Hemesa
872 905 945 976 stt,
967 903 1042 984 243,
1065 904 1138 966 stt.

567 1041 687 1191 diei
721 1043 789 1229 [ff
826 1027 960 1194 &siuti
1030 1091 1086 1168 iii

283 1310 366 1382 231.
421 1303 587 1379 Celerius
614 1329 780 1391 currens,
808 1329 922 1404 quem
948 1301 1125 1376 Soleicus.

363 1430 415 1492 nd
450 1429 672 1510 explicandum
712 1428 913 1510 proverbium
948 1424 1267 1490 Abu-Olrboidehus
1298 1424 1372 1486 haec

281 1535 461 1598 adnotavit:
500 1536 606 1615 Quum
634 1537 854 1617 procubitores
883 1535 1045 1598 exercitus
1071 1543 1177 1616 gentis
1198 1532 1284 1594 Beer
1305 1532 1376 1594 ben-

282 1642 396 1724 Wajel
425 1645 455 1705 in
476 1653 606 1725 gentem
629 1645 752 1705 'l'emim
767 1645 977 1705 incursionem
992 1643 1119 1724 facturi,
1143 1641 1306 1703 Soiaicum
1327 1639 1377 1699 vi·

282 1748 415 1824 dissent,
438 1747 603 1812 dixerunt:
625 1749 661 1810 Si
685 1751 832 1812 Soiaicus
853 1767 914 1810 nos
936 1746 1107 1828 conspicit,
1129 1752 1264 1826 gentem
1286 1762 1372 1806 sunm

282 1856 449 1916 certiorem
471 1853 579 1916 foetet.
623 1857 780 1918 Miserunt
800 1857 895 1938 igitur
916 1854 996 1916 dnos
1019 1854 1145 1935 equites
1166 1853 1197 1913 iu
1219 1851 1376 1913 celeribus

284 1963 374 2042 equis
397 1960 567 2044 vehentes,
591 1963 643 2044 qui
665 1982 739 2024 eum
760 1970 920 2042 cuperent.
940 1961 999 2024 lile
1014 1957 1142 2021 dorcedi
1156 1957 1269 2019 similis
1285 1975 1376 2019 cursu

284 2068 420 2148 errttrgit.
462 2067 512 2128 liti
532 2077 640 2130 cutem
661 2089 733 2132 eum
755 2089 812 2149 per
838 2077 938 2130 totum
960 2066 1042 2126 diem
1065 2073 1300 2144 persequentes
1320 2083 1379 2145 pu-

181 2205 189 2220 ·
285 2183 400 2256 terunt,
424 2193 495 2234 eum
517 2176 686 2258 fatigatum
709 2194 795 2259 esse,
819 2183 864 2254 ut,
887 2175 915 2235 si
936 2171 1122 2253 occidisset,
1136 2178 1378 2251 eumcepereot

286 2281 383 2342 olane
403 2280 474 2342 eius
496 2283 639 2364 vestigio
660 2283 860 2344 invenientes
884 2280 1045 2361 viderunt,
1076 2299 1149 2343 eum
1177 2277 1301 2340 moeris
1329 2293 1378 2336 ru-

285 2387 389 2451 dieem
410 2387 492 2468 pede
514 2387 687 2450 offendisse
710 2397 743 2450 et
764 2389 931 2470 resiliisse,
956 2395 992 2450 ut
1015 2403 1111 2450 orcus
1132 2387 1163 2448 iu
1185 2393 1303 2447 terrem
1323 2382 1378 2444 de-

286 2493 394 2556 cidens
413 2494 625 2578 frangeretur.
668 2496 828 2557 Dixerunt
860 2502 981 2556 nutem:
1024 2493 1182 2556 Fortasse
1202 2491 1268 2552 hcc
1298 2489 1380 2553 initio

286 2603 390 2663 noctis
411 2601 539 2680 occidit,
565 2609 637 2682 post
666 2602 773 2663 lassus
802 2601 908 2662 sactus
938 2600 1004 2661 erit.
1047 2600 1160 2660 Denuo
1187 2597 1283 2679 igitur
1311 2613 1380 2656 eum

286 2718 461 2790 sequentes
483 2709 673 2770 invenerunt
696 2709 765 2769 eius
787 2708 928 2790 vestigia
949 2706 1077 2770 multum
1101 2705 1252 2767 distantis
1280 2713 1313 2766 et
1333 2703 1381 2764 vi-

287 2815 412 2896 derunt,
436 2835 507 2878 eum
530 2811 649 2878 urin'em
671 2817 702 2876 in
724 2824 841 2878 torrem
873 2815 1039 2877 demisisse
1066 2823 1099 2876 et
1121 2813 1263 2894 vestigio
1283 2821 1382 2873 teme

286 2921 381 2981 altius
423 2921 634 3001 impressisse.
700 2922 773 3000 Qua
824 2942 865 2985 ex
909 2943 944 2986 re
993 2943 1089 3006 quum
1137 2931 1382 3006 cognoscerent,

288 3043 358 3085 oum
387 3025 470 3086 nuiio
498 3025 592 3088 motio
628 3029 802 3111 fatigatum
838 3047 931 3110 esse,
975 3049 995 3094 e
1029 3029 1254 3112 persequendo
1284 3029 1383 3091 desti-

287 3139 403 3192 teruut.
444 3133 490 3194 At
531 3134 662 3197 Soioioo
711 3144 840 3216 gentem
885 3155 978 3199 suom
1020 3137 1060 3199 de
1101 3138 1203 3201 hostis
1247 3137 1383 3199 adventu

287 3235 456 3300 certiorem
491 3240 620 3304 facienti
658 3251 788 3322 propter
829 3241 903 3304 vieo
948 3261 1097 3325 magnam
1133 3243 1316 3307 distantium
1345 3241 1383 3304 fl-

288 3345 346 3408 des
374 3365 436 3408 non
468 3345 649 3411 hebebatur.
679 3351 828 3414 Soieious
861 3347 901 3409 ad
926 3359 1056 3431 gentem
1084 3349 1292 3413 Banu-Salui
1311 3369 1384 3432 per·

289 3453 420 3536 tinebot,
446 3473 529 3536 quae
554 3475 629 3537 pars
653 3459 761 3540 gentis
782 3457 905 3518 'l'emim
931 3465 1008 3518 eret.
1051 3456 1158 3518 Meter
1180 3457 1262 3538 eius,
1283 3472 1380 3539 equo

286 3579 401 3622 nomen
422 3563 559 3646 occepit,
587 3563 728 3627 Solnonh
762 3564 933 3645 appellate,
963 3563 1055 3643 nig'rn
1086 3571 1162 3624 eret
1203 3561 1385 3626 nou-011-

288 3667 442 3731 baidnhus
471 3689 541 3732 eum
569 3672 661 3734 simul
680 3688 753 3734 cum
782 3669 1040 3734 Almontnschiro
1065 3668 1300 3732 beu-thsb
1322 3671 1387 3731 lit·

288 3775 386 3836 ireiito
417 3785 451 3838 ot
477 3777 563 3839 Aufo
590 3777 796 3842 beu-Methr
818 3777 992 3858 Moseuite,
1015 3775 1068 3859 qni
1088 3775 1277 3840 obcursum
1300 3777 1386 3840 cele-

288 3899 355 3942 rem
380 3879 645 3963 consumserant,
669 3883 851 3946 nominavit

594 4001 700 4148 sle
735 4063 802 4180 u!
838 3974 946 4126 „iii
997 4046 1078 4156 ‚tm

200 4265 202 4269 v
289 4225 376 4294 tet.
433 4221 633 4299 Crudelior
659 4225 697 4297 in
723 4223 879 4324 prolem,
907 4249 1020 4326 quom
1046 4226 1194 4301 lacertu.
