2920 5036
713 328 941 392 ..753-

261 513 350 602 origo
395 511 550 592 cognosci
586 516 704 590 potest
753 509 965 573 Proverbium
1000 510 1150 576 adiribant
1190 516 1362 599 signitica-

260 615 319 678 t‘uri
363 636 405 677 ex
443 615 547 698 signis
580 614 720 677 externis
749 615 795 678 rai
839 616 993 680 internam
1026 617 1237 686 conditionem
1275 640 1364 705 cog-

259 723 351 786 nosci
372 739 480 804 posse.

441 882 612 1072 &iffi
633 868 794 1054 &pii
827 883 944 1030 taxii
979 876 1052 1032 3.οᾶ
1125 939 1167 1016 iv

261 1143 320 1212 27.
371 1135 490 1206 Maior
505 1159 590 1234 pars
611 1135 828 1232 sagittarum
842 1136 939 1208 servi
963 1139 1118 1238 sagittae
1136 1141 1240 1242 scopi
1258 1158 1365 1216 sunt.

341 1285 401 1347 Vir
425 1285 581 1367 ingennus
602 1302 678 1348 caro
699 1285 800 1364 pretio
821 1285 961 1368 sagittas
982 1288 1066 1362 emit,
1089 1290 1164 1352 amit
1185 1290 1269 1354 enim
1300 1309 1367 1354 sa·

258 1389 358 1472 gittas
381 1393 444 1454 tata
465 1389 598 1473 cuspide
613 1389 772 1472 praeditas
793 1399 826 1453 et
837 1391 975 1473 sagittas
995 1395 1109 1477 tangas
1124 1395 1277 1478 cuspides
1297 1397 1367 1459 ha-

163 1545 174 1586 ·.
261 1498 375 1561 bontas
397 1507 465 1561 tum
487 1498 568 1560 balio
592 1505 658 1560 tum
681 1496 830 1560 venando
852 1506 957 1580 aptas,
979 1499 1054 1562 dam
1074 1517 1204 1585 servus,
1225 1503 1278 1583 qni
1297 1523 1367 1565 na-

261 1624 324 1686 que
358 1606 440 1668 bello
468 1622 573 1686 neque
600 1601 747 1666 venando
783 1623 913 1684 oporam
948 1604 1021 1688 dat,
1056 1608 1181 1669 nonnisi
1211 1611 1366 1692 sagittas,

261 1712 375 1795 quibus
413 1727 532 1792 scopus
560 1709 687 1788 teritur,
727 1711 847 1774 minora
875 1714 976 1794 pretio
1013 1715 1144 1778 venales
1172 1714 1231 1776 sibi
1266 1733 1367 1779 com-

170 1870 176 1876 .
263 1825 366 1898 parat.
1248 1839 1264 1874 r

462 1929 1048 2148 aiassae

262 2214 320 2282 28.
371 2208 538 2310 Soopum
556 2207 731 2282 ferientes
747 2223 835 2282 sunt
861 2208 1153 2309 (eiussagittae).
1180 2212 1241 2288 Nil
1269 2212 1365 2288 boni

374 2339 490 2404 estin
516 2334 650 2428 sagitta
676 2358 722 2404 ex
748 2357 838 2405 arou
865 2330 1068 2408 delabente.

343 2464 394 2525 De
415 2464 494 2526 viro,
508 2463 633 2548 dicitur,
657 2466 710 2544 qui
737 2467 936 2546 argumentis
956 2469 1025 2529 suis
1046 2467 1264 2532 adversarium
1285 2471 1362 2532 vin-

261 2573 313 2636 cit.
355 2570 441 2636 Voci
468 2573 537 2667 tatii
563 2571 748 2634 nominativi
776 2589 873 2634 casas
902 2573 1066 2656 tribuitur,
1096 2573 1179 2668 quod
1207 2575 1365 2658 supplen-

262 2697 336 2760 dum
370 2703 422 2759 eat
461 2696 567 2784 arip„
603 2693 690 2756 eius
724 2694 907 2777 sagittae
945 2705 1020 2759 sunt
1047 2715 1179 2780 scopum
1210 2701 1364 2762 ferientes

261 2830 329 2885 aut
357 2837 441 2920 Q,
463 2818 555 2880 eius
575 2817 714 2880 iactus
736 2827 788 2882 est
807 2836 942 2900 scopum
964 2821 1100 2884 foriens,
1118 2819 1212 2900 Quod
1233 2825 1364 2886 sivero

262 2943 441 3006 accusativi
463 2960 573 3006 casum
595 2941 752 3025 admittis,
779 2941 989 3024 supplendum
1011 2951 1064 3005 est
1083 2955 1151 3043 κάη)
1177 2973 1242 3045 ὕ..)
1265 2949 1365 3009 „teet

261 3069 347 3129 iactu
368 3071 517 3146 (scopum
546 3065 708 3146 feriente).
752 3063 805 3126 Ad
835 3074 969 3127 metrum
999 3063 1121 3145 Redjcs
1150 3067 1260 3164 referri
1287 3078 1364 3149 pot-

200 3207 204 3213 ·
262 3185 320 3238 ost.
341 3192 370 3236 e.
392 3195 422 3256 p.
442 3173 515 3238 232.

261 3558 320 3629 29.
372 3553 503 3627 Potuit
539 3559 666 3658 inopia
709 3553 837 3644 efficit,
867 3557 971 3628 utin
999 3556 1130 3630 seriem
1157 3552 1359 3649 (vendendi

373 3687 503 3776 causa)
531 3679 660 3754 catireli
694 3679 953 3780 disponantur.

346 3807 553 3871 Proverbium
581 3816 787 3886 monetans,
812 3816 845 3869 ut
861 3807 973 3888 opibus
993 3805 1111 3868 nostris
1133 3803 1361 3880 conservandis

191 3953 197 3963 ·
262 3933 390 3997 oporam
411 3914 535 3995 demus,
558 3918 740 3996 priusquam
767 3922 909 3995 pereant.
953 3912 1157 3975 Canidiam.
1191 3921 1224 3973 et
1244 3909 1361 3992 Djeuh.

264 4025 358 4106 Sunt,
384 4025 437 4105 qui
458 4025 617 4086 vocabulo
638 4025 676 4084 in
705 4024 820 4085 latus
848 4021 1121 4084 convertendi
1148 4019 1363 4102 significatio-

262 4148 335 4192 nem
364 4130 520 4212 tribuant,
539 4139 574 4192 nt
589 4127 630 4191 do
652 4128 830 4192 mactandis
854 4127 986 4192 cometis
1010 4135 1043 4190 et
1062 4127 1242 4191 calamitate
1268 4123 1363 4188 adhi-

264 4235 388 4296 beatur.
442 4279 451 4286 -
940 4247 944 4256 '
