2864 5030
722 338 951 399 ..452-

368 526 525 608 Narrant,
556 523 638 588 duos
667 524 891 586 adolescentes
922 539 993 594 eum
1023 523 1277 604 Aimostaughiro
1294 522 1357 582 brn-

283 632 408 696 Rabiah
430 631 625 696 consedisse.
671 632 776 694 Unum
805 648 914 690 eornro
936 630 1046 706 alteri,
1069 631 1119 690 etri
1142 649 1252 690 nomen
1270 628 1356 690 hbuir

284 751 388 822 esset,
401 741 538 803 dixisse:
553 738 674 822 Egoad
684 757 814 800 uxorem
826 737 1077 818 Aimostaughiri
1093 756 1132 796 oo
1141 782 1153 818 ,
1165 739 1192 798 si
1203 736 1355 814 autemipsr

285 823 390 930 surgit
420 846 548 908 domum
577 845 756 919 rediturus,
778 861 862 905 voce
885 852 941 906 tua
964 843 1037 914 mihi
1059 845 1187 926 signum
1215 837 1278 906 iae!
1314 844 1359 904 hi·

181 956 186 965 '
283 955 536 1036 mostaughirum
565 962 672 1014 autern
708 953 883 1013 intentione
920 954 1049 1033 eognita
1082 971 1175 1034 eum,
1218 953 1361 1034 quominus

284 1064 448 1138 clamaret,
479 1058 704 1140 impedivisse,
728 1067 760 1118 et
789 1058 818 1118 in
855 1076 945 1121 suam
978 1056 1102 1118 donum
1136 1057 1277 1121 duxisse.

324 1167 428 1246 Quum
452 1165 493 1226 ibi
515 1165 557 1226 nil
579 1165 652 1226 mali
673 1163 821 1246 vidisset,
835 1165 865 1224 in
885 1164 980 1224 innius
996 1163 1126 1225 domum
1142 1165 1362 1245 eumipsoenn

282 1273 475 1353 perrexisse,
497 1271 549 1332 ubi
569 1269 807 1332 adolescentem
839 1271 923 1331 illum
950 1269 1036 1349 apud
1063 1287 1197 1332 uxorem
1221 1269 1362 1332 inveniret·

281 1380 415 1442 Dixisse
443 1386 509 1439 tum
536 1376 853 1458 Ahuosthanghirurn
881 1375 944 1436 ista
969 1376 1127 1455 proverbii
1156 1377 1275 1460 verba,
1300 1393 1363 1456 quas

281 1487 314 1549 in
335 1505 407 1548 eum
437 1484 639 1559 adhibentur,
666 1485 717 1564 qui
753 1492 784 1544 te
819 1481 967 1560 deeipere
995 1483 1092 1563 eupit,
1113 1483 1269 1564 quomodo
1288 1483 1363 1545 abun

282 1592 417 1674 decepit.
460 1595 496 1655 ha
523 1591 634 1655 oodioe
654 1593 755 1654 Paris.
773 1601 806 1656 et
833 1590 940 1653 Berol.
967 1590 1076 1658 ostem
1096 1593 1175 1676 „Te
1197 1594 1229 1656 in
1248 1609 1363 1656 errorem

280 1713 460 1784 inducens“
484 1716 607 1798 iegitur.
696 1747 699 1760 ·

284 2137 367 2213 149.
420 2136 553 2210 Institit
578 2151 614 2210 et
639 2150 719 2210 tum
746 2136 927 2236 litigando
955 2141 1056 2212 vicit.

364 2303 491 2366 Sensus
519 2311 587 2365 est:
631 2302 767 2380 Quidam
797 2321 871 2366 eum
905 2303 1090 2368 adversario
1125 2307 1254 2389 litigans
1283 2323 1362 2387 quun

278 2419 505 2490 perseveraret
525 2419 558 2471 et
571 2408 788 2475 adversarium
806 2420 951 2494 urgeret,
964 2431 1003 2476 eo
1016 2416 1174 2496 pervenit,
1186 2423 1220 2476 ut
1230 2411 1362 2496 litigando

279 2537 351 2580 eunt
386 2519 540 2580 vinceret.
585 2519 647 2580 Alii
680 2528 787 2581 atatem
815 2520 924 2582 verbis
955 2520 1039 2583 hune
1065 2541 1195 2584 sensnm
1225 2524 1362 2585 tribuunt:

278 2625 339 2689 Vir
360 2625 498 2708 qnidam,
522 2625 574 2706 qui
595 2627 654 2686 iter
675 2625 820 2688 faeturus
843 2625 937 2689 domo
959 2629 1098 2710 exierat,
1122 2629 1153 2690 in
1173 2629 1236 2690 isto
1257 2629 1362 2709 itinere,

175 2803 177 2810 y
277 2734 352 2796 lieet
379 2733 645 2829 peregrinationis
666 2750 782 2795 sacrae
812 2733 1014 2795 intentionem
1038 2754 1100 2796 non
1120 2735 1264 2815 haberet,
1282 2735 1363 2796 ntor-

277 2857 349 2903 eam
371 2839 562 2922 perveniens
580 2839 844 2920 peregrinationis
864 2839 957 2900 ritum
979 2841 1129 2922 absoluit,
1152 2849 1187 2902 ut
1207 2839 1362 2904 diceretis:

275 2945 504 3007 Perseveravit
532 2945 562 3005 in
591 2945 701 3005 itinere
722 2943 889 3025 iaciendo,
919 2953 953 3005 et
981 2933 1091 3025 ipsnm'
1116 2945 1361 3028 peregrinationis

275 3066 389 3111 sacrae
434 3051 525 3112 ritum
562 3049 712 3112 absolvit.
760 3051 849 3112 Dixit
883 3051 1361 3134 Abu-Ohhaidusproverbiun

276 3155 473 3239 significare,
503 3143 607 3218 virum
635 3156 876 3239 perseverando
904 3158 946 3222 ad
969 3177 1034 3220 rem
1052 3159 1258 3245 pervenisse,
1279 3177 1360 3241 quarn

275 3264 336 3326 sibi
367 3284 428 3326 non
451 3263 682 3346 proposuisset.
725 3265 813 3327 Idem
836 3265 925 3350 dixit,
951 3267 1152 3345 proverbium
1175 3267 1217 3332 de
1237 3267 1361 3330 diffleu-

275 3378 341 3433 tate
370 3380 502 3436 naturae
530 3373 666 3435 hominis
697 3382 729 3434 et
750 3375 924 3455 pertinacia
951 3372 1100 3437 adhiberi.
1143 3379 1189 3440 At
1210 3395 1285 3440 vero
1304 3377 1361 3439 Sa·

273 3475 511 3540 maehseharius
533 3475 621 3560 dixit,
643 3478 847 3560 proverbium
869 3477 910 3542 de
938 3499 977 3543 eo
998 3479 1153 3566 adhiberi,
1175 3484 1229 3566 qui
1249 3497 1359 3562 semper

274 3583 413 3666 petendo
431 3603 499 3647 rem
521 3595 721 3668 assequatur.

275 4027 356 4096 150.
409 4018 464 4092 Te
491 4019 530 4116 (o
557 4017 711 4112 mulier)
739 4043 815 4092 non
841 4019 1064 4121 fugit(res)‚
1105 4021 1216 4098 adfer
1241 4023 1357 4128 igitur!

353 4161 480 4232 idest:
507 4159 606 4244 Rem,
628 4177 723 4241 quam
746 4161 847 4243 petis,
876 4163 1007 4245 assequi
1035 4172 1148 4247 potes,
1185 4185 1252 4229 rem
1277 4165 1360 4248 igitur

273 4273 359 4330 tuam
396 4261 477 4349 age!
521 4267 663 4329 Narrant
695 4267 814 4351 vinnm,
854 4270 907 4351 qui
939 4271 1059 4333 abseru
1083 4288 1110 4332 a
1139 4273 1210 4335 sais
1245 4274 1359 4349 fuse,
