2902 5036
554 273 817 366 ..'733..·

1 517 2 520 =
118 479 246 556 oculos,
273 497 406 561 quorum
427 481 646 568 naturae-auri
667 481 939 544 natura'maxinre
961 483 1141 563 conveniat,
1164 495 1223 544 eoa

116 587 244 650 traduci
278 589 357 652 utile
383 589 539 652 videatur.
581 591 643 652 lust
677 608 805 670 quoque
834 606 913 652 auro
950 590 1123 672 singularis
1144 593 1221 671 pul-

116 694 276 756 clrritudo.
319 695 399 758 Auri
428 713 525 778 aqua,
555 686 693 778 quares
722 695 912 760 deaurantur
933 705 966 758 et
993 697 1118 779 lamina,
1142 717 1224 778 quae

114 799 151 862 iu
172 801 269 862 tectis
290 818 404 880 regum
425 810 510 883 sunt,
533 800 605 864 inde
631 810 793 881 parantur.
836 801 1071 868 commercium
1092 822 1221 886 quoque

117 923 162 967 eo
198 923 325 987 semper
369 907 548 989 nitebatur,
571 925 665 988 quum
697 907 834 970 omnium
855 927 960 972 rerum
1001 909 1136 990 pretium
1172 911 1223 972 sit.

118 1012 268 1092 Argento
303 1019 466 1092 praestat,
501 1012 576 1074 licet
608 1010 684 1074 illud
710 1012 872 1094 pulchrum
908 1023 941 1076 ct
975 1015 1163 1078 honoratum
1191 1015 1223 1076 iu
1321 1067 1324 1070 .

116 1115 284 1178 hominum
314 1119 436 1180 animos
464 1119 529 1180 vim
563 1117 688 1181 habeat.
737 1118 820 1182 Eius
853 1120 955 1200 pretio
984 1129 1133 1190 caeterae
1167 1137 1222 1182 rea

116 1221 335 1302 multipliciter
367 1221 546 1303 duplicatae
590 1223 650 1286 emi
689 1233 833 1305 possunt.
896 1225 949 1288 Ad
977 1244 1038 1288 nos
1072 1225 1152 1290 redit
1190 1235 1223 1288 et

117 1345 232 1408 parum
265 1310 463 1411 diminuitur,
492 1328 565 1391 dum
603 1338 706 1411 terra,
736 1341 819 1412 quae
856 1330 887 1393 id
923 1330 1068 1413 producit
1099 1340 1132 1394 et
1162 1321 1223 1396 su-

117 1453 179 1514 per
217 1451 284 1515 qua
319 1435 475 1500 incolume
497 1445 563 1513 est,
605 1437 717 1517 paucis
751 1436 842 1498 annis
877 1447 1044 1520 argentum
1080 1437 1124 1501 ita
1143 1456 1221 1518 per·

114 1547 241 1621 mutat,
281 1549 316 1600 ut
351 1537 392 1603 ad
436 1549 582 1604 naturam
615 1559 708 1604 suam
744 1541 878 1622 redeat,
922 1551 954 1604 ct
990 1543 1101 1622 pucis
1146 1542 1220 1605 die·

117 1646 181 1708 bus
211 1647 333 1708 ferrum
356 1644 397 1708 ad
431 1647 596 1726 pristinam
632 1664 724 1710 suam
758 1655 904 1711 naturam
932 1641 1064 1710 reducit
1120 1647 1221 1710 Cibus

117 1760 228 1816 autem
256 1755 289 1814 in
317 1753 387 1816 ollis
419 1773 462 1815 ex
489 1773 527 1816 eo
557 1753 718 1818 conlectis
747 1763 862 1818 coctus
888 1755 1019 1837 gratior,
1040 1735 1236 1836 salutaiior,“

118 1859 225 1920 ventri
247 1860 484 1943 convenientior
506 1861 677 1940 meliorque
699 1868 760 1922 cst.
796 1859 909 1922 Alilius
931 1860 1221 1923 ben-Abi-'l'haleb

117 1963 161 2028 de
180 1951 446 2048 sulphura’rubro
467 1967 681 2049 interrogatus
703 1965 792 2050 dixit,
808 1983 921 2028 aurum
942 1985 1028 2028 ease.
1070 1967 1224 2030 Multam-

117 2072 230 2136 medes
250 2081 355 2136 autem
378 2072 474 2135 dixit:
496 2071 865 2153 simillimumque
887 2081 991 2134 terrae
1013 2071 1114 2134 colles
1135 2080 1225 2148 suut,
1273 2125 1279 2136 ,

118 2174 227 2244 esset!
259 2192 292 2242 et
313 2197 503 2262 quocunque
524 2179 715 2260 proverbiali
734 2177 828 2240 modo
850 2177 890 2239 de
917 2197 995 2240 auro
1017 2180 1142 2242 locutus
1163 2187 1223 2240 est.

119 2285 245 2352 Sahlus
271 2287 334 2348 beu
352 2287 483 2348 ›llarun
511 2283 692 2348 facundiam
712 2285 917 2348 in-sermoue
939 2283 979 2346 de
1003 2301 1080 2346 auro
1102 2282 1223 2364 proba-

117 2403 186 2458 tam
206 2394 259 2456 isti
272 2394 340 2456 viro
364 2392 511 2455 invidens
534 2393 603 2453 auri
623 2393 701 2454 vitia
725 2400 757 2454 et
769 2391 840 2452 vitri
858 2391 1085 2471 praestantiam
1108 2399 1220 2454 contra

117 2501 305 2564 describens
343 2498 434 2563 dixit:
465 2499 588 2562 Aurum
623 2506 737 2561 natura
771 2497 971 2580 productum,
1008 2499 1126 2560 vitrum
1153 2504 1222 2558 arte

116 2609 241 2672 lactum
263 2618 315 2672 est
336 2617 368 2670 et
385 2614 537 2687 ¹quantum
551 2624 660 2669 aurum
675 2604 786 2668 duritie
796 2612 949 2686 praestat,
972 2611 1093 2664 tantum
1105 2602 1221 2664 vitrum

116 2717 265 2799 puritate.
287 2717 442 2778 Necnon
464 2715 592 2792 vitrum,
614 2732 709 2795 quum
733 2711 892 2774 defoditur
914 2709 1021 2772 autin
1038 2725 1122 2789 aqua
1139 2708 1222 2770 sub-

116 2823 281 2904 mergitur,
303 2839 380 2884 auro
403 2819 571 2883 durabilior
599 2827 657 2880 est.
701 2817 826 2878 Vitrum
852 2823 905 2876 est
925 2813 1017 2895 quasi
1035 2813 1167 2896 politum
1189 2822 1223 2876 et

118 2930 202 2991 lucis
222 2938 368 2991 naturam
402 2925 511 3008 babet,
540 2924 615 2988 dum
644 2941 753 3008 aurum
776 2921 912 2983 utensile
937 2919 1140 2983 abscondens
1161 2929 1222 2982 est.

118 3035 237 3098 Bibere
258 3054 301 3096 ex
321 3053 403 3098 vase
423 3035 528 3101 vitreo
558 3029 726 3094 iucundius
747 3037 808 3104 est,
829 3045 923 3108 quam
945 3027 1052 3088 bibere
1076 3043 1119 3088 ex
1139 3043 1222 3088 vase
1267 3095 1272 3107 ,

116 3130 301 3225 metallico,
331 3141 425 3222 quale
458 3141 509 3202 sit.
550 3139 669 3200 Facies
699 3135 892 3216 compotens
922 3151 994 3195 cum
1015 3151 1055 3220 eo
1076 3151 1140 3194 non
1161 3131 1222 3195 de·
1281 3123 1288 3134 '

117 3248 279 3311 sideratur
300 3246 395 3327 (dum
423 3244 572 3327 tegitur),
604 3260 716 3306 manus
750 3260 813 3306 aon
842 3246 999 3322 gravatur
1020 3248 1052 3301 et
1086 3240 1222 3318 pretium

117 3357 295 3420 maximum
314 3363 460 3418 nonest.
501 3352 555 3414 Ex
575 3351 642 3414 auri
670 3349 796 3440 nomine
827 3346 967 3426 (abitus)
990 3347 1107 3410 malum
1129 3365 1223 3410 omen

119 3465 263 3546 capitur,
292 3479 450 3543 nunquam
480 3460 604 3522 bonurn.
648 3458 686 3522 si
713 3457 743 3518 in
775 3467 806 3517 te
827 3452 961 3531 decidit,
988 3464 1021 3517 te
1043 3454 1172 3536 oceidit,
1194 3455 1225 3518 si

118 3582 157 3634 tu
177 3572 208 3632 in
229 3571 261 3633 id
284 3569 417 3651 decidis,
440 3569 472 3630 t'c
502 3566 659 3628 vulnerat.
687 3565 831 3628 Maxime
850 3571 958 3624 autem
979 3561 1223 3645 vituperandum

118 3686 174 3739 est
206 3673 366 3757 (aurum),
402 3673 488 3756 quod
517 3673 558 3736 ad
588 3673 696 3734 vilium
726 3669 839 3732 domos
869 3677 1038 3748 properat,
1070 3677 1103 3730 et
1124 3667 1164 3729 ab
1183 3665 1224 3728 iis

113 3782 314 3867 possidetur,
338 3779 551 3844 tardeautcnr
573 3780 604 3840 in
624 3793 853 3860 generosorum
876 3773 988 3836 domos
1011 3780 1044 3833 et
1065 3779 1214 3851 potesta-

118 3901 188 3954 tem
210 3891 307 3952 venit.
335 3881 416 3967 'Qui
444 3886 476 3954 id
498 3883 657 3963 custodit,
687 3901 759 3943 cunr
780 3886 880 3941 tentat
901 3876 1088 3956 occiditque.
1132 3877 1223 3940 Unus

117 4000 306 4079 laqueorum
331 3992 446 4055 diaboli
468 3999 536 4070 est,
570 3996 760 4070 quapropter
781 3985 904 4047 dicunt:
945 3983 1017 4044 Duo
1046 3981 1140 4042 rubra
1171 3977 1225 4040 vi·

117 4123 176 4168 ros
208 4101 360 4184 perdunt,
403 4099 496 4159 rubra
517 4095 665 4156 mulieres
695 4091 837 4175 perdunt.
886 4087 976 4152 Ollao
1001 4085 1124 4146 vitreae
1146 4104 1227 4147 me·-

119 4215 217 4276 liorcs
238 4218 331 4290 aurit,
362 4225 455 4288 quam
484 4203 565 4266 ollae
586 4201 751 4283 lapideae,
776 4197 920 4278 rubigine
947 4212 1010 4256 nou
1031 4193 1233 4290 inficiuntur,
