2906 5028
717 342 986 424 ..Q-¹

271 546 310 609 nh
334 565 373 608 co
386 547 531 609 hominos
552 544 703 626 depellet.
745 545 781 604 Ιιι
802 541 972 623 proverbio
995 539 1102 604 nutem
1124 540 1260 604 alterum
1282 539 1374 603 verbi

271 654 452 736 obiectum,
475 663 626 734 touqunm
653 651 834 734 cognitum,
852 643 1010 711 omissum
1039 655 1100 710 est.
1124 647 1373 712 Observandum

272 769 335 842 ost,
355 761 387 822 in
408 761 520 824 codiee
535 759 795 824 Semachschurii
815 757 931 819 verbe:
952 765 1033 860 spi>
1056 773 1127 855 5⁸⁵·
1155 770 1238 858 &A
1261 755 1375 824 nobli-

271 893 324 947 tus
346 891 398 946 est
419 882 587 964 Bodjoirus
610 869 798 944 conditionis
819 899 917 944 suae«
941 881 1049 944 stetim
1071 887 1147 962 post
1168 881 1374 961 proverbium

271 993 365 1054 rubro
388 992 493 1052 coiorc
514 989 665 1052 distincto
686 989 762 1071 legi,
786 997 820 1048 ut
840 987 998 1066 proverbii
1019 1003 1094 1066 pars
1129 1004 1207 1051 csse
1234 986 1376 1050 videon-

272 1110 337 1178 tur;
358 1107 393 1160 et
422 1115 503 1160 vcro
533 1097 566 1156 in
587 1093 739 1156 Meidunii
768 1091 932 1156 codicibus
959 1093 1004 1154 ite
1030 1095 1062 1153 in
1091 1091 1223 1154 scholiis
1251 1094 1376 1174 scripto

271 1215 360 1289 sunt,
382 1213 418 1270 ut
439 1202 619 1286 explicandi
633 1201 793 1283 proverbii
813 1199 1038 1283 gretieodditu
1058 1199 1236 1268 videantur.
1271 1203 1376 1264 Ales-

272 1311 382 1375 honus
411 1309 640 1394 grammaticus
668 1306 800 1388 Bodjair
829 1316 862 1369 et
890 1306 1052 1386 Bodjoroh
1083 1305 1214 1368 duorum
1241 1307 1375 1372 fratrum

272 1421 400 1499 antiquo
421 1427 565 1499 temporo
584 1415 761 1478 viventium
782 1413 909 1476 nomino
930 1411 1035 1474 fuisse
1057 1413 1228 1478 contendit.

561 1545 721 1741 oce-³
756 1519 981 1738 mc
1051 1597 1090 1676 u

272 1837 331 1906 25.
383 1831 426 1904 ln
452 1856 583 1904 sorore
608 1847 673 1903 tun
699 1828 838 1902 vehens
865 1845 901 1900 te
928 1830 1177 1930 persequitur.

356 1979 492 2060 Equum,
517 1981 569 2062 qui
590 1981 730 2062 ingeret,
752 1980 784 2042 in
806 1997 916 2042 sorore
936 1977 1028 2066 huius
1049 1978 1121 2058 oqui
1147 1977 1272 2042 vehem
1298 1999 1381 2061 por·

273 2085 473 2165 coquebatur.
516 2089 551 2148 ln
573 2087 675 2150 virum
697 2086 824 2169 dicitur,
847 2086 902 2166 qni
923 2085 1060 2150 scientis
1087 2094 1119 2148 et
1145 2085 1289 2168 ingenio,
1322 2088 1380 2148 vel

275 2192 453 2274 ignorantie
481 2201 515 2258 ot
535 2193 721 2274 stupiditate
740 2192 803 2259 sibi
824 2193 892 2272 pori
920 2193 1066 2259 occurrit.
1094 2193 1179 2260 cont.
1202 2191 1290 2275 (1.1,
1320 2193 1378 2270 133

276 2299 389 2383 XXV,
410 2301 460 2370 25.

144 2735 148 2744 ’
275 2735 343 2806 26..
373 2727 575 2830 ‘Cognovit
600 2759 659 2805 me
684 2734 833 2834 (equn);
859 2736 1014 2846 Deusei
1040 2738 1151 2806 vitam
1179 2741 1379 2834 proroget!

358 2885 524 2947 Proverbii
546 2884 698 2966 originem
737 2887 833 2948 telem
863 2884 966 2948 fnisse
994 2887 1142 2969 legimus.
1200 2887 1281 2949 Viro
1303 2887 1381 2948 cui-

277 2990 349 3050 dem
373 3008 474 3072 equus
497 2999 718 3073 ereptuserot.
762 2993 880 3073 Aliquo
892 3001 1035 3074 tempore
1054 3003 1128 3075 post
1143 3011 1239 3075 quum
1261 3013 1380 3076 equum

276 3095 435 3182 videret,
473 3099 501 3161 is
545 3116 661 3162 vocem
712 3098 846 3162 oudiens
899 3107 934 3160 ct
975 3098 1134 3162 dominnm
1173 3115 1381 3182 cognoscens

277 3203 369 3264 ultori
388 3205 518 3268 obedire
537 3207 648 3268 noluit.
691 3207 747 3268 Sic
764 3205 973 3274 Aioumilhus
991 3206 1194 3288 proverbium
1218 3207 1382 3287 interpre-

277 3318 365 3377 totus
385 3318 446 3378 est.
490 3312 552 3374 Atii
579 3320 687 3378 antem
708 3311 833 3393 dicunt,
857 3312 1058 3392 prouerbium
1079 3311 1220 3380 Boilmso
1249 3331 1382 3396 cogno-

277 3417 394 3480 minato
416 3415 587 3478 Nonhmnh
608 3415 854 3483 adscribendum
878 3435 971 3480 csse·
1007 3415 1196 3500 Cognomou
1218 3419 1258 3482 ob
1279 3419 1384 3504 louge

277 3539 373 3584 crure
399 3541 472 3587 eum
502 3525 681 3604 occepisse.
732 3525 916 3586 Hnmsohus
956 3525 1155 3605 cognominis
1185 3542 1318 3588 esuum
1347 3527 1381 3596 in

278 3648 395 3712 magno
416 3629 572 3692 surditnte
592 3630 683 3692 vidit.
701 3631 814 3693 Cous.
838 3631 876 3692 C.
891 3631 951 3716 IV,
976 3631 991 3691 l
1015 3627 1120 3692 adnot
1162 3631 1271 3694 Nocte
1291 3651 1379 3715 qua-

279 3736 351 3799 dnm
380 3738 575 3817 perobscura
607 3758 702 3820 quum
735 3737 777 3800 nd
806 3757 938 3801 uxorem
974 3739 1076 3801 subito
1108 3737 1234 3800 veniret
1263 3749 1295 3810 et
1324 3723 1384 3804 ‘ilia

278 3847 363 3910 teht
377 3841 509 3926 diceret,
527 3843 687 3907 Beihosus
699 3847 762 3907 isto
779 3845 881 3907 verbe
902 3843 1023 3906 dixisse
1044 3843 1154 3905 fertur.
1177 3844 1239 3906 mit
1260 3841 1382 3928 dicunt,

278 3947 408 4051 gentem
429 3967 641 4030 incursionem
652 3968 799 4032 hostilem
819 3969 950 4032 iecisse.
971 3969 1070 4031 Meno
1090 3975 1196 4032 nutem
1211 3968 1384 4033 mulierem

280 4076 401 4138 dixisse
420 4077 490 4137 viro
513 4096 554 4137 ex
574 4074 799 4138 incurrentium
821 4094 969 4138 numero:
991 4075 1059 4144 aba
1084 4074 1102 4154 [ι
1128 4071 1257 4142 umis
1280 4075 1380 4138 »Me-

280 4205 418 4262 tortemo
439 4206 527 4280 tuoe,
550 4217 569 4260 o
591 4189 720 4280 patrue!
742 4207 775 4261 et
796 4197 897 4260 virum
919 4197 982 4259 isto
1002 4198 1162 4280 proverbii
1190 4197 1291 4261 verbo
1318 4195 1382 4262 sd-

216 4343 227 4354 .
285 4303 450 4368 mirantem
487 4303 669 4386 protulisse.¹
713 4305 814 4387 Sunt,
850 4305 903 4386 qni
931 4303 994 4367 hoc
1022 4305 1053 4368 in
1080 4303 1252 4388 proverbio
1278 4305 1388 4370 verbo
