2908 5028
690 323 917 386 ..592-

261 510 290 570 ai
328 506 472 590 dimittis,
502 515 636 570 catenas
673 523 749 568 ease
785 516 897 588 putas,
929 525 1012 588 quoa
1047 509 1075 569 si
1103 509 1226 592 pecua,
1261 506 1353 570 dicia:

259 616 378 680 racemi
399 623 483 698 sunt,
513 633 595 697 quos
619 613 719 675 imber
731 615 861 691 retenit3
885 613 946 674 duo
960 615 1357 696 superciliatanquamca-

260 723 343 784 lamo
367 723 452 803 picta
474 731 529 784 aut
551 722 687 784 carbone
708 719 913 802 superducta,
936 721 1037 805 nigra,
1060 737 1144 802 quae
1164 722 1253 783 sieut
1280 739 1358 782 ocu·

261 832 311 892 lus
333 829 479 892 dorcadis
500 830 652 910 pulchrae
673 845 772 890 curva
793 837 876 888 sunt.
917 830 1002 889 luter
1023 848 1063 891 ea
1084 839 1136 890 est
1157 847 1260 890 nasus
1288 827 1359 908 (te-

262 935 354 1016 nuis)
376 943 410 997 ut
431 935 540 1015 cuspis
562 932 658 1016 gladii
680 933 867 1016 Zabiihtici,
890 952 983 1013 quem
1006 932 1087 996 duae
1109 935 1243 1014 cingunt
1256 952 1360 1016 genae

258 1061 439 1128 purpureae
458 1041 550 1105 simul
561 1042 656 1103 albae
675 1041 759 1102 sicut
777 1041 1016 1123 margaritarum
1040 1041 1153 1103 albedo
1176 1051 1237 1102 est.
1261 1041 1311 1102 Ibi
1324 1061 1359 1103 os

261 1147 417 1210 diffissum
441 1157 493 1210 est
513 1148 647 1228 annulo,
670 1165 733 1227 quo
754 1146 893 1227 sigilium
918 1147 1115 1229 imprimitur,
1131 1148 1247 1226 simile,
1268 1147 1360 1210 dulce

261 1255 378 1336 ridens,
401 1255 562 1335 impletum
585 1253 729 1314 dentibus
750 1252 988 1332 splendentibus
1012 1254 1211 1334 acuminatis,
1240 1255 1275 1314 in
1298 1271 1359 1334 quo

260 1381 299 1424 ae
323 1370 432 1424 movet
452 1363 562 1444 lingua
581 1361 720 1424 facunda
741 1370 774 1422 et
796 1361 932 1438 diserta,
955 1378 1025 1422 cum
1047 1379 1171 1422 summa
1192 1360 1359 1440 prudentia

260 1471 392 1551 loquens
406 1479 439 1531 ct
453 1470 560 1532 statim
576 1467 781 1548 respondens.
804 1469 874 1528 Duo
883 1475 990 1546 autem
999 1465 1083 1528 labia
1093 1468 1187 1528 rubra
1199 1465 1262 1528 sibi
1276 1469 1360 1528 iuri-

263 1594 333 1637 eem
354 1584 536 1654 occurrunt,
559 1592 639 1656 quae
660 1582 788 1654 sputum
812 1572 904 1634 dulce
934 1573 1079 1655 eliciunt,
1102 1582 1138 1634 ut
1157 1573 1256 1635 favus
1279 1576 1360 1637 mel·
1452 1595 1453 1606 ¹

208 1675 213 1680 ’
262 1682 312 1766 lis,
336 1681 461 1763 quaudo
484 1681 679 1760 exprimitur,
702 1679 732 1740 iu
755 1681 837 1741 collo
861 1679 931 1742 albo
953 1680 1036 1742 sieut
1057 1688 1243 1763 argeutum,
1276 1681 1361 1744 elato

261 1789 293 1851 iu
313 1797 453 1870 pectere,
476 1783 558 1868 quod
582 1786 684 1848 simile
706 1797 757 1848 cst
778 1787 899 1866 pectori
926 1783 999 1848 idoli
1030 1805 1072 1848 ex
1101 1805 1260 1848 marmore
1297 1787 1362 1849 licti

227 1951 230 1957 .
261 1904 295 1956 et
314 1893 444 1957 brachia
465 1893 527 1955 due
546 1893 673 1974 taetra,
708 1894 738 1953 in
760 1895 851 1955 cuius
880 1891 1089 1955 anterioribus
1114 1893 1256 1973 partibus
1292 1911 1363 1956 cum

225 2039 234 2052 -
261 2001 299 2062 iis
322 2001 497 2063 coniunctis
519 2019 622 2080 neque
644 2018 681 2060 es
704 1999 845 2080 tangitur
866 2017 971 2080 neque
999 2017 1085 2060 vena
1112 1999 1272 2080 palpando
1302 2017 1362 2062 co-

258 2110 376 2192 guosei
397 2117 505 2190 potest
526 2128 598 2170 eum
620 2107 743 2170 duabus
765 2108 909 2168 manibus
931 2107 1039 2169 tenuia
1067 2125 1144 2169 ossa
1171 2107 1362 2171 habentibus

260 2235 443 2298 nervosque
464 2218 565 2296 lenes,
587 2233 719 2297 quarum
742 2213 858 2296 digitos
882 2212 945 2292 (ita
971 2212 1085 2274 molles
1111 2213 1216 2295 suut),
1237 2215 1270 2275 si
1298 2215 1362 2296 vis,

261 2322 380 2384 nodare
401 2330 507 2402 potes
548 2323 584 2382 lu
607 2322 667 2382 isto
696 2331 802 2384 autem
832 2329 962 2402 pectore
992 2323 1129 2383 eminent
1150 2321 1231 2382 duae
1256 2341 1364 2386 mam·

260 2447 333 2491 mae
355 2428 474 2489 similes
499 2426 623 2488 duobus
645 2428 736 2520 malis
764 2427 920 2509 Punicis,
954 2444 1038 2509 quae
1064 2427 1134 2488 eius
1153 2435 1267 2488 vestes
1306 2428 1363 2502 (ob

263 2546 380 2598 motum
404 2533 548 2613 lirnium)
573 2536 723 2597 lacerant.
755 2533 821 2597 Sub
844 2533 896 2596 itta
919 2554 953 2595 re
974 2543 1088 2596 venter
1109 2543 1171 2614 est,
1193 2535 1246 2614 qui
1268 2551 1363 2596 com·

260 2643 395 2725 plicatus
418 2649 469 2703 est
491 2639 595 2726 modo,
618 2660 681 2723 quo
703 2627 796 2722 panni
817 2643 1011 2725 Aegyptiaci
1034 2640 1274 2722 (albi,teuues)
1294 2642 1364 2705 lae-

259 2763 322 2812 ves
337 2751 577 2829 complicantur,
593 2748 683 2830 plicis
695 2751 735 2810 ob
755 2748 943 2812 obesitatem
963 2751 1135 2812 instructus
1148 2750 1250 2811 instar
1265 2749 1365 2812 cbar-

261 2865 364 2919 tarum
386 2859 639 2920 convolutarnm.
683 2857 822 2919 Adiacet
842 2867 948 2920 autom
974 2859 1045 2920 istis
1072 2858 1163 2939 plicis
1192 2858 1365 2922 umbilicus

263 2965 423 3042 ampullae
444 2965 583 3026 oleariae
610 2965 757 3028 detersae
782 2965 904 3028 similis.
946 2967 1035 3030 l'oua
1064 2965 1140 3028 illud
1169 2964 1312 3046 dorsum,
1335 2969 1364 3027 in

261 3089 323 3152 quo
344 3069 446 3131 rivulo
472 3070 583 3132 similis
612 3073 738 3134 cavitas
768 3081 830 3154 est,
857 3091 939 3152 quae
977 3072 1121 3153 perducit
1140 3072 1182 3133 ad
1212 3071 1365 3154 medium,

261 3177 346 3258 quod
368 3175 426 3256 (ob
449 3179 662 3260 tenuitatem),
685 3179 712 3240 si
735 3180 793 3240 Dei
815 3199 876 3240 non
898 3179 1016 3243 luisset
1036 3178 1265 3260 misericordia,
1287 3199 1365 3260 pro-

262 3281 348 3349 lecto
370 3285 537 3366 abruptum
568 3287 690 3347 luisset.
733 3285 773 3348 Ei
803 3295 853 3347 est
882 3283 1005 3368 podex,
1038 3288 1092 3368 qui
1120 3305 1218 3366 quum
1247 3279 1363 3368 surgit,

262 3391 375 3472 efficit,
398 3403 432 3455 ut
453 3393 580 3472 sedeat,
603 3401 635 3454 et
658 3407 753 3472 quum
775 3391 881 3472 sedet,
903 3402 937 3454 ut
957 3401 1090 3474 surgeat
1103 3379 1214 3471 efficit,
1236 3395 1364 3455 cumulo

188 3575 191 3582 Ι
262 3511 379 3560 arenae
400 3497 533 3578 similis,
552 3515 646 3578 quem
667 3517 722 3564 ros
745 3497 897 3562 decidens
918 3498 1040 3560 firmum
1061 3497 1204 3579 reddidit,
1229 3519 1366 3582 eumque

261 3603 325 3666 duo
347 3605 470 3670 femora
491 3606 648 3670 sustinent
670 3625 792 3682 crassa,
813 3607 874 3668 sub
897 3607 1011 3687 quibus
1033 3607 1095 3669 duo
1117 3625 1212 3669 crura
1227 3607 1365 3670 rotunda

259 3721 334 3776 sunt
354 3712 468 3775 similia
491 3714 535 3774 rei
558 3710 720 3793 Bardijjalr
741 3715 948 3794 appellatae¹)
970 3715 1068 3776 mixta
1090 3713 1229 3777 crinibus
1249 3715 1362 3798 nigris,

262 3820 353 3901 quasi
384 3820 500 3882 annulli
529 3817 648 3882 loricae
670 3821 745 3904 siut,
769 3820 853 3903 quod
874 3829 1001 3902 portant
1021 3820 1085 3883 duo
1106 3819 1206 3902 pedes
1229 3823 1360 3905 lluguae

279 4077 309 4136 1)
328 4074 467 4140 Quaenam
487 4077 561 4126 vocis
578 4071 662 4160 '⁵220ss
678 4076 837 4140 significatio
853 4077 906 4143 ait,
936 4079 1110 4129 vehementer
1133 4079 1243 4144 dubito,
1261 4081 1363 4132 nullam

328 4187 397 4235 enim
421 4185 447 4234 in
471 4183 565 4234 lexlcls
587 4181 708 4247 reperio,
733 4196 802 4244 quae
827 4183 869 4233 irtl
886 4184 926 4235 rei
944 4187 1142 4247 comparandae
1159 4191 1225 4249 apta
1241 4199 1305 4237 asse
1322 4189 1365 4236 vi-

330 4278 432 4326 dentur.
