2908 5028
109 581 250 647 necavit.
276 581 358 666 'lum
386 578 512 643 interim
538 579 768 664 expergefacto
794 578 943 644 Ohtbalro
969 577 1062 647 dixit:
1090 582 1128 649 Si
1157 583 1210 648 lo·

108 702 212 765 quens
245 689 279 743 te
313 697 520 766 commoves,
556 688 589 742 te
629 699 756 760 quoquo
783 678 940 746 occidam!
981 682 1043 745 llis
1066 686 1210 766 peractis

109 801 226 864 equum
255 779 444 844 conscendit
471 789 503 846 et
530 779 611 864 fuga
636 781 769 842 salutem
790 781 890 870 petiit.
919 780 1211 850 Obtbabusautem

108 883 251 946 clamore
263 879 390 942 sublato
406 880 446 942 ad
466 881 556 964 regis
582 879 687 942 aulam
715 881 851 944 tetendit
865 881 984 960 dicens,
1009 883 1211 948 Albaritsum

107 983 199 1065 regis
225 979 320 1042 fidem
346 979 456 1044 datam
483 979 588 1042 occiso
617 975 752 1042 Chalido
780 982 899 1043 irritam
921 982 1053 1044 fecisse.
1080 983 1209 1045 Alnoh·
1318 1025 1324 1038 ·

106 1100 221 1143 titanus
248 1079 358 1140 statim
385 1080 426 1142 ad
451 1079 705 1162 persequendum
732 1081 855 1160 equites
882 1082 980 1143 misit.
1025 1083 1131 1144 Primo
1159 1083 1210 1146 di-

107 1181 213 1243 luculo
240 1198 313 1242 eum
341 1182 487 1242 assecuti
521 1188 607 1241 suut.
660 1181 845 1242 Alliarilsus
874 1201 948 1244 cum
982 1183 1020 1244 iis
1056 1202 1207 1267 pugnans
1235 1210 1241 1223 ·

107 1281 254 1364 singulos
284 1295 355 1340 cum
381 1297 420 1342 co
448 1280 633 1344 dimicantes
660 1280 786 1366 occidit,
812 1281 941 1366 agmina
953 1281 1114 1364 dispersit,
1133 1283 1208 1346 dum
1299 1281 1309 1302 ‘

108 1381 287 1464 pugnabat,
320 1378 404 1441 hunc
430 1399 564 1442 versum
586 1397 727 1446 canens:

986 1491 1024 1523 lo.
1067 1497 1076 1526 a
1132 1511 1142 1524 0

157 1482 217 1620 :ji-i
238 1488 325 1614 rai,
344 1549 440 1634 &aa
465 1542 584 1630 W
608 1499 649 1608 ὅ
670 1493 805 1613 titt?
824 1500 935 1631 Uaga,
962 1525 1023 1614 ar
1041 1489 1093 1615 ,i
1120 1490 1160 1593 ui

106 1679 206 1764 „Ego
235 1697 308 1740 sum
335 1679 523 1740 Abu-lmilc
548 1687 582 1741 et
608 1677 735 1764 gladius
773 1698 861 1742 meus
888 1681 920 1743 in
956 1683 1070 1762 capulo
1104 1703 1207 1747 nervo

109 1777 274 1862 obligatus
303 1788 366 1844 est.
395 1777 473 1856 Quis
500 1780 574 1840 emit
595 1777 737 1863 gladium
764 1799 871 1842 meum
898 1791 931 1843 et
957 1779 1020 1844 hoc
1046 1783 1119 1845 eius
1140 1785 1208 1848 sul·
1267 1819 1272 1830 ι

108 1897 170 1962 gor
196 1871 302 1940 est‘i“
326 1881 469 1942 Metrum
495 1874 589 1942 Sarih
616 1885 677 1940 est.
704 1900 736 1959 p.
756 1878 839 1940 245.

207 1979 289 2040 Eum
308 1984 545 2059 persequentes
559 1977 678 2040 iniecta
692 1998 729 2040 re
744 1989 963 2044 recesserunt.
993 1980 1207 2046 Proverbium

106 2086 217 2141 autem
244 2076 412 2140 adhibetur
437 2077 468 2138 in
495 2079 654 2160 cautione,
687 2079 715 2139 si
742 2099 785 2140 ex
813 2080 968 2142 eiusmodi
996 2101 1032 2143 re
1060 2082 1206 2144 damnum

105 2175 320 2258 percepimus.
347 2177 635 2240 Semachscharius
656 2177 747 2263 dixit,
775 2181 980 2259 proverbium
1006 2180 1150 2246 adhiberi
1167 2182 1208 2245 da

106 2279 191 2362 viro,
222 2278 367 2357 quirem
393 2277 614 2362 aggrediatur,
644 2293 739 2358 quam
763 2279 825 2340 iam
853 2289 1011 2360 expertus
1038 2282 1093 2344 sit.

207 2377 409 2464 Alagblebus
437 2375 563 2458 lhdjlita
578 2378 783 2457 proverbium
800 2381 912 2442 versui
923 2381 1059 2444 inseruit
1079 2381 1205 2448 dicens:

174 2501 236 2638 {ti
256 2512 345 2633 mog
366 2521 438 2629 etz
464 2517 643 2643 gart&
665 2519 770 2612 :ss
797 2531 822 2613 e
846 2533 928 2634 «μζ
953 2549 981 2632 s
1007 2521 1036 2614 o
1064 2524 1144 2624 tac·

105 2699 224 2786 „Dixit
253 2699 402 2784 (mulier)
428 2702 471 2786 ei,
485 2699 568 2764 inter
583 2721 633 2780 ea,
657 2719 739 2782 quac
752 2705 942 2783 composuit.
971 2703 1053 2782 Quis
1067 2703 1207 2788 gladium

107 2801 185 2862 emit
212 2809 244 2863 et
269 2800 322 2864 hic
350 2804 421 2864 eius
449 2799 556 2885 fulgor
584 2794 691 2863 cst‘l“
716 2803 858 2864 lllctrum
874 2802 998 2885 Redjes
1014 2801 1206 2884 cst.p.231.

481 2910 515 2953 ῦι
560 2912 602 2953 ῦι
647 2921 662 2951 0
678 2931 697 2951 a

472 3001 517 3094 e
552 2992 599 3089 ἑ
632 2995 698 3099 ot
771 2973 827 3052 m

107 3130 191 3194 299.
221 3120 297 3216 Qui
327 3121 455 3208 vincit,
482 3119 621 3222 praeda
652 3119 806 3222 potitur.

205 3230 297 3292 Dixit
320 3228 621 3312 Almoladhdherus,
651 3229 755 3292 virum
782 3247 801 3290 e
827 3235 928 3312 geute
951 3225 1033 3289 'rhai
1051 3228 1092 3290 ad
1109 3226 1208 3289 fami·

105 3330 180 3392 liam
208 3329 443 3391 Banu-'l'soahl
469 3329 687 3410 pertinentem,
716 3331 768 3391 cui
794 3327 907 3409 Djabir
932 3325 1119 3390 ben-Ralan
1147 3346 1209 3388 no-

105 3449 181 3491 men
199 3437 302 3512 esset,
329 3429 463 3509 primum
481 3431 546 3492 ista
570 3430 673 3491 verba
699 3428 831 3494 dixisse.
859 3427 919 3490 Vir
944 3429 1007 3490 iste
1033 3448 1105 3492 cum
1123 3427 1209 3490 duo-

104 3530 168 3590 bns
179 3529 280 3592 sociis
294 3530 356 3590 iter
380 3527 502 3592 faciens
530 3531 560 3590 in
587 3529 657 3591 loco
684 3528 905 3613 Altsawijjab,
935 3527 1209 3611 quiponelliram

105 3647 210 3709 prope
237 3628 277 3690 ad
303 3628 421 3691 Cuiam
450 3630 533 3692 situs
562 3639 649 3708 erat,
685 3629 879 3692 Alnohmaui
913 3627 1207 3692 ben-Mai·ssemii

107 3725 268 3808 equitibus
294 3726 343 3790 die
371 3727 510 3792 infausto
531 3732 683 3810 occurrit,
709 3747 770 3810 quo
797 3729 1018 3790 Alnobmanus
1034 3725 1209 3809 quemlibet

105 3827 136 3886 in
163 3827 270 3910 ipsum
296 3825 490 3891 incidentem
520 3828 666 3892 occidere
694 3829 832 3897 solebat.
860 3828 971 3892 Causa
997 3826 1131 3908 hujusce
1149 3823 1236 3886 diei.

103 3927 135 3990 in
152 3927 234 3989 libro
250 3927 315 3989 cu.
341 3927 462 4013 Alagb.
489 3928 649 4008 descripta
665 3937 727 3990 est.
754 3929 864 3991 Verba
878 3935 985 3990 autem
1000 3927 1042 3990 ibi
1064 3923 1209 3988 0hbaido

102 4026 133 4088 b.
159 4027 305 4088 Alabran
336 4025 569 4090 adscribuntur.
620 4027 840 4092 Aluohmanus
871 4037 990 4111 autem,
1025 4042 1122 4106 quum
1148 4021 1208 4084 ed-

102 4125 310 4210 ducerentur,
337 4137 448 4189 sortes
476 4128 596 4189 ducere
624 4143 680 4190 eos
707 4127 801 4190 iussit
830 4126 953 4209 dicens,
980 4145 1019 4186 se
1047 4142 1133 4208 eum,
1155 4121 1207 4204 qui

99 4233 195 4286 sorte
220 4225 369 4304 vicisset,
395 4227 530 4290 liberum
557 4224 760 4289 dimissurum
787 4246 877 4306 esse,
904 4224 984 4287 duos
999 4223 1140 4304 reliquos
1151 4241 1208 4286 oc-

99 4323 256 4388 risurum.
283 4325 422 4414 Accidit,
451 4336 489 4389 ut
504 4324 644 4411 nDjabiro
671 4327 756 4390 bona
780 4343 855 4388 sors
873 4323 1085 4411 contingeret.
1114 4321 1209 4404 Qua·

159 4849 280 4927 canoa
300 4852 379 4906 uon.
395 4855 431 4904 u.
460 4841 486 4910 ¹,
554 4811 563 4824 ⁸
589 4826 606 4850 ''
660 4824 666 4835 ’
