2892 5022
100 879 150 956 tt.
201 881 241 953 id
288 887 363 958 iarn
407 884 551 959 dictum
576 886 667 968 tuit,
711 893 787 962 sive
834 915 963 962 sertim
1017 891 1063 960 sit
1107 890 1184 962 sivo

201 1005 346 1080 salsum.

171 1163 280 1228 Verbo
299 1167 395 1243 haee,
418 1185 503 1249 qnoo
522 1187 639 1232 versos
669 1167 759 1235 metri
779 1173 890 1237 Besith
913 1173 963 1252 (p.
986 1169 1061 1246 190)
1080 1169 1186 1234 hemi-

99 1269 235 1334 stichium
255 1282 342 1356 sunt,
359 1273 483 1337 dixisse
508 1286 636 1340 narrant
658 1279 889 1341 Ainohmannm
913 1277 1191 1340 ben-Aimonds‘rr

99 1377 288 1442 menmium
309 1379 456 1444 lisbioho
476 1381 651 1462 ben-Sijed
672 1383 839 1467 Ahbsitse,
862 1387 915 1466 qui
936 1383 1006 1445 eins
1024 1391 1189 1463 compotor

99 1485 363 1550 etenieusesset
386 1487 845 1572 QuodemtemporeAhmirus
861 1490 962 1557 mit
975 1489 1086 1578 ῳὼ
1097 1489 1189 1569 (eoi-

98 1607 177 1670 lusor
191 1607 645 1698 euspidumJJoognorninetus,
658 1613 1054 1698 Auhius‘hen-Alshwsz,
1070 1613 1190 1676 Soliti-

99 1734 149 1778 nrs
166 1719 227 1779 ben
249 1719 359 1796 Melie,
378 1719 518 1782 Lebidus
533 1721 760 1804 ben-Robish,
787 1721 1020 1784 Sohsmrnssns
1043 1721 1192 1783 Fessrito

98 1831 125 1884 et
138 1823 334 1886 Kellebsirus
353 1825 489 1889 Assdits
503 1825 544 1889 sd
559 1845 670 1909 regem
685 1828 921 1891 Alnoirmsnum
939 1828 999 1889 iter
1029 1828 1184 1888 fecerent.

97 1929 247 1994 bebidum
260 1942 384 2012 sutem,
407 1935 482 2015 quis
502 1935 637 1996 omnium
658 1937 804 1997 minimus
825 1943 903 1997 natu
920 1943 1001 2017 oret,
1026 1932 1111 2015 opud
1131 1951 1192 1996 oe-

98 2037 192 2100 meins
213 2039 413 2121 reliquerant.
434 2039 508 2103 Rex
529 2059 588 2104 eos
608 2041 729 2104 honore
748 2040 995 2124 odieoit,doneo
1015 2039 1189 2118 Rebislrns,

98 2147 145 2225 qni
170 2147 362 2209 auotoritste
387 2147 473 2229 opud
496 2165 605 2230 rogem
626 2151 760 2211 multum
780 2147 928 2232 voiobot,
953 2166 1013 2210 eos
1033 2149 1190 2210 eolurnnr-

98 2259 165 2316 rtns
185 2261 266 2316 erat.
309 2255 443 2318 Summo
463 2255 558 2338 igitur
584 2255 711 2318 tristitia
737 2254 856 2318 odieoti
878 2253 918 2318 od
940 2253 1080 2318 osmeios
1100 2253 1190 2316 redi-

98 2369 181 2422 erunt
201 2369 302 2424 totozn
337 2381 403 2424 rem
432 2361 587 2425 Lebidurn
617 2363 764 2437 centuri,
795 2363 912 2444 quippe
934 2363 1026 2425 ouius
1046 2370 1187 2426 mttere

98 2477 187 2548 gente
214 2466 310 2530 Airbs
330 2463 476 2550 oriundo,
497 2462 581 2550 opud
602 2467 780 2533 soranum
806 2469 989 2551 perentibus
1016 2468 1127 2531 orbato
1147 2487 1186 2530 e-

98 2579 209 2644 dooste
229 2589 328 2644 esset
370 2581 439 2646 Sed
459 2581 603 2645 hebidns
625 2601 733 2646 eornm
752 2583 911 2646 tristitiem
933 2581 1058 2664 videns,
1081 2581 1191 2664 preni-

98 2685 152 2751 bns
169 2708 285 2772 nrgero
305 2707 364 2752 eos
385 2709 448 2752 non
460 2689 593 2773 destitit,
613 2689 716 2754 donee
737 2691 767 2753 oi
779 2691 926 2752 tristitiae
948 2707 1080 2754 oensem
1093 2698 1190 2770 pete·-

98 2795 256 2860 iooissent
299 2797 441 2860 hebidus
462 2798 544 2862 hoen
566 2797 711 2880 audiens,
731 2799 761 2862 si
782 2797 885 2878 ipsum
918 2796 959 2860 od
986 2814 1097 2880 regern
1127 2795 1190 2862 du·

98 2905 228 2987 sissent,
251 2906 406 2987 promisit,
428 2923 466 2968 so
487 2905 575 2988 regis
596 2906 732 2968 animum
754 2903 793 2968 ob
816 2903 961 2968 Robisho
983 2903 1107 2965 omnino
1129 2903 1191 2966 oli-

99 3021 257 3075 enatorum
294 3031 379 3076 esse.
419 3013 546 3076 Beiioto
585 3013 681 3096 igitur
718 3011 896 3075 Kalisbsho
937 3010 1073 3074 Assriitn
1106 3011 1189 3092 opud

100 3121 247 3204 moreins,
261 3131 344 3182 ‘oum
371 3119 494 3182 Lebido
531 3119 572 3184 od
602 3139 714 3204 rogoin
743 3119 866 3180 reversi
887 3127 971 3180 sont.
1014 3117 1190 3182 introducti

100 3225 325 3288 Ainohmsnum
348 3226 535 3288 invenerunt
554 3243 625 3288 oum
640 3223 785 3288 itabioho
806 3224 910 3287 eibum
923 3224 1107 3288 matutinum
1130 3245 1190 3287 rn-

100 3352 241 3406 nentem.
283 3340 444 3420 Lebidos‚
477 3339 625 3424 loquendi
645 3342 742 3403 vonis
763 3339 857 3424 dots,
883 3339 1017 3402 itobiohi
1044 3339 1190 3422 podicem

101 3451 182 3534 icon
222 3451 386 3513 adtentum
424 3449 576 3512 versibus
620 3447 806 3511 describens
844 3447 911 3528 rogi
945 3453 1065 3509 tentum
1095 3446 1190 3508 sasti-

102 3555 179 3620 dinrn
206 3558 323 3637 movit,
357 3565 393 3618 ut
423 3556 531 3619 stetim
555 3556 626 3618 oiho
654 3556 828 3618 abstineret
854 3552 1032 3616 Robiohurn
1053 3553 1192 3613 intorro-

102 3681 192 3746 gens:
233 3665 323 3727 Num
345 3673 378 3726 tu
400 3665 474 3726 telis
495 3657 558 3724 es?
600 3663 657 3724 iiie
685 3657 865 3742 respondit:
896 3659 985 3741 Non,
1006 3677 1064 3740 per
1090 3657 1191 3718 Deam

103 3765 197 3836 stlat!
219 3773 284 3835 liin
310 3770 394 3833 fliius
413 3770 514 3851 turpis
535 3767 711 3848 (feminee)
733 3767 889 3828 ¹mentitus
916 3771 977 3826 est.
1020 3761 1087 3824 Sed
1116 3761 1195 3824 dixit

105 3877 330 3941 Alnohmonns:
352 3876 422 3939 Cibi
443 3877 507 3938 iarn
527 3894 579 3937 me
607 3872 767 3936 fastidium
790 3872 883 3953 oepit.
926 3871 999 3933 Hae
1027 3866 1068 3929 de
1090 3885 1194 3930 cause

105 3979 259 4048 Rebishus
294 3985 396 4048 iratus
432 3982 593 4064 surrexit,
625 3987 658 4042 et
685 3979 836 4042 versibus
876 3995 985 4059 regern
1018 3973 1193 4036 lacessivit.

107 4085 189 4152 Dixit
206 4099 325 4174 sutem,
346 4107 385 4151 se
406 4107 469 4152 non
490 4089 576 4170 prius
589 4087 743 4150 obiturum
757 4099 848 4168 esse,
871 4081 974 4146 donee
994 4101 1052 4143 rox
1062 4081 1194 4163 miserit,

108 4193 157 4273 qni
188 4197 381 4280 inspeetiono
413 4194 500 4258 iilum
534 4195 696 4257 mentitum
735 4210 812 4256 esse
846 4195 1068 4271 eognoseeret.
1117 4186 1191 4253 Rex
1303 4182 1331 4202 ‘⁸

108 4309 207 4367 tutem
225 4303 424 4388 respondens
450 4301 510 4366 hos
531 4301 610 4366 dixit
630 4318 764 4364 versus:
