<?xml version="1.0" encoding="UTF-8"?>
<!DOCTYPE html PUBLIC "-//W3C//DTD XHTML 1.0 Transitional//EN"
    "http://www.w3.org/TR/xhtml1/DTD/xhtml1-transitional.dtd">
<html xmlns="http://www.w3.org/1999/xhtml" xml:lang="en" lang="en">
 <head>
  <title>
</title>
<meta http-equiv="Content-Type" content="text/html;charset=utf-8" />
  <meta name='ocr-system' content='tesseract 3.04.00' />
  <meta name='ocr-capabilities' content='ocr_page ocr_carea ocr_par ocr_line ocrx_word'/>
</head>
<body>
  <div class='ocr_page' id='page_1' title='image "./arabumproverbia02alfgoog/arabumproverbia02alfgoog_0382.png"; bbox 0 0 2838 5024; ppageno 0'>
   <div class='ocr_carea' id='block_1_1' title="bbox 105 535 1103 700">
    <p class='ocr_par' dir='ltr' id='par_1_1' title="bbox 105 535 1103 700">
     <span class='ocr_line' id='line_1_1' title="bbox 105 535 1103 700; baseline -0.008 -12"><span class='ocrx_word' id='word_1_1' title='bbox 105 535 569 700; x_wconf 46' lang='lat' dir='ltr'>Qssdissoffl</span> <span class='ocrx_word' id='word_1_2' title='bbox 619 557 1103 700; x_wconf 41' lang='lat' dir='ltr'>missotti&amp;</span> 
     </span>
    </p>
   </div>
   <div class='ocr_carea' id='block_1_2' title="bbox 72 781 1156 1207">
    <p class='ocr_par' dir='ltr' id='par_1_2' title="bbox 72 781 1156 1207">
     <span class='ocr_line' id='line_1_2' title="bbox 109 781 1103 928; baseline 0.009 -26"><span class='ocrx_word' id='word_1_3' title='bbox 109 791 164 916; x_wconf 67' lang='lat' dir='ltr'>jn?</span> <span class='ocrx_word' id='word_1_4' title='bbox 187 806 215 888; x_wconf 72' lang='lat' dir='ltr'>o</span> <span class='ocrx_word' id='word_1_5' title='bbox 238 781 353 900; x_wconf 67' lang='lat' dir='ltr'>:ut</span> <span class='ocrx_word' id='word_1_6' title='bbox 368 791 575 919; x_wconf 54' lang='grc'>,331113</span> <span class='ocrx_word' id='word_1_7' title='bbox 622 787 763 928; x_wconf 60' lang='lat'>5413</span> <span class='ocrx_word' id='word_1_8' title='bbox 790 824 904 890; x_wconf 57' lang='grc' dir='ltr'>ιω</span> <span class='ocrx_word' id='word_1_9' title='bbox 929 789 1036 911; x_wconf 65' lang='lat' dir='ltr'>dite</span> <span class='ocrx_word' id='word_1_10' title='bbox 1061 805 1103 910; x_wconf 63' lang='lat' dir='ltr'>us</span> 
     </span>
     <span class='ocr_line' id='line_1_3' title="bbox 74 995 1154 1088; baseline 0.003 -28"><span class='ocrx_word' id='word_1_11' title='bbox 74 995 228 1080; x_wconf 78' lang='lat' dir='ltr'>„Refertur</span> <span class='ocrx_word' id='word_1_12' title='bbox 250 1010 384 1063; x_wconf 83' lang='lat' dir='ltr'>auctore</span> <span class='ocrx_word' id='word_1_13' title='bbox 404 999 712 1088; x_wconf 73' lang='lat' dir='ltr'>Abu-Sobaiiaaio,</span> <span class='ocrx_word' id='word_1_14' title='bbox 735 1003 790 1084; x_wconf 88' lang='lat' dir='ltr'>qui</span> <span class='ocrx_word' id='word_1_15' title='bbox 810 1011 926 1086; x_wconf 86' lang='lat' dir='ltr'>poetae</span> <span class='ocrx_word' id='word_1_16' title='bbox 947 1000 1154 1065; x_wconf 80' lang='lat' dir='ltr'>Alieresdaki</span> 
     </span>
     <span class='ocr_line' id='line_1_4' title="bbox 72 1108 1156 1207; baseline 0.006 -42"><span class='ocrx_word' id='word_1_17' title='bbox 72 1108 168 1170; x_wconf 78' lang='lat' dir='ltr'>relator</span> <span class='ocrx_word' id='word_1_18' title='bbox 188 1108 302 1207; x_wconf 43' lang='grc' dir='ltr'>(κώ)</span> <span class='ocrx_word' id='word_1_19' title='bbox 325 1119 412 1190; x_wconf 86' lang='lat' dir='ltr'>erat,</span> <span class='ocrx_word' id='word_1_20' title='bbox 433 1109 575 1172; x_wconf 74' lang='lat' dir='ltr'>dicente:</span> <span class='ocrx_word' id='word_1_21' title='bbox 591 1111 691 1173; x_wconf 83' lang='lat' dir='ltr'>Venit</span> <span class='ocrx_word' id='word_1_22' title='bbox 712 1110 820 1174; x_wconf 83' lang='lat' dir='ltr'>adme</span> <span class='ocrx_word' id='word_1_23' title='bbox 834 1111 1008 1174; x_wconf 81' lang='lat' dir='ltr'>Alnowera</span> <span class='ocrx_word' id='word_1_24' title='bbox 1029 1109 1156 1173; x_wconf 86' lang='lat' dir='ltr'>dieens:</span> 
     </span>
    </p>
   </div>
   <div class='ocr_carea' id='block_1_3' title="bbox 68 1226 1158 2495">
    <p class='ocr_par' dir='ltr' id='par_1_3' title="bbox 68 1226 1158 2495">
     <span class='ocr_line' id='line_1_5' title="bbox 71 1226 1155 1318; baseline 0.004 -29"><span class='ocrx_word' id='word_1_25' title='bbox 71 1227 201 1312; x_wconf 80' lang='lat' dir='ltr'>Loquere</span> <span class='ocrx_word' id='word_1_26' title='bbox 222 1250 295 1296; x_wconf 85' lang='lat' dir='ltr'>oum</span> <span class='ocrx_word' id='word_1_27' title='bbox 316 1233 379 1296; x_wconf 88' lang='lat' dir='ltr'>boo</span> <span class='ocrx_word' id='word_1_28' title='bbox 400 1235 482 1318; x_wconf 83' lang='lat' dir='ltr'>viro,</span> <span class='ocrx_word' id='word_1_29' title='bbox 503 1245 539 1299; x_wconf 88' lang='lat' dir='ltr'>ut</span> <span class='ocrx_word' id='word_1_30' title='bbox 559 1234 691 1315; x_wconf 82' lang='lat' dir='ltr'>repudio</span> <span class='ocrx_word' id='word_1_31' title='bbox 712 1253 764 1296; x_wconf 86' lang='lat' dir='ltr'>me</span> <span class='ocrx_word' id='word_1_32' title='bbox 785 1226 929 1298; x_wconf 85' lang='lat' dir='ltr'>dimittat!</span> <span class='ocrx_word' id='word_1_33' title='bbox 952 1230 1028 1295; x_wconf 83' lang='lat' dir='ltr'>Dixi</span> <span class='ocrx_word' id='word_1_34' title='bbox 1048 1240 1155 1294; x_wconf 83' lang='lat' dir='ltr'>autem</span> 
     </span>
     <span class='ocr_line' id='line_1_6' title="bbox 72 1333 1156 1432; baseline 0.006 -36"><span class='ocrx_word' id='word_1_35' title='bbox 72 1353 137 1418; x_wconf 83' lang='lat' dir='ltr'>ego:</span> <span class='ocrx_word' id='word_1_36' title='bbox 157 1337 336 1417; x_wconf 81' lang='lat' dir='ltr'>Quamnam</span> <span class='ocrx_word' id='word_1_37' title='bbox 363 1341 402 1406; x_wconf 84' lang='lat' dir='ltr'>ob</span> <span class='ocrx_word' id='word_1_38' title='bbox 424 1360 556 1404; x_wconf 70' lang='lat' dir='ltr'>musam</span> <span class='ocrx_word' id='word_1_39' title='bbox 584 1341 647 1404; x_wconf 86' lang='lat' dir='ltr'>boo</span> <span class='ocrx_word' id='word_1_40' title='bbox 676 1333 755 1403; x_wconf 67' lang='lat' dir='ltr'>viai</span> <span class='ocrx_word' id='word_1_41' title='bbox 776 1341 866 1403; x_wconf 85' lang='lat' dir='ltr'>Dixit</span> <span class='ocrx_word' id='word_1_42' title='bbox 899 1339 968 1402; x_wconf 86' lang='lat' dir='ltr'>ilia:</span> <span class='ocrx_word' id='word_1_43' title='bbox 990 1337 1156 1432; x_wconf 79' lang='lat' dir='ltr'>Loquere!</span> 
     </span>
     <span class='ocr_line' id='line_1_7' title="bbox 70 1438 1155 1526; baseline 0.007 -26"><span class='ocrx_word' id='word_1_44' title='bbox 70 1438 111 1503; x_wconf 85' lang='lat' dir='ltr'>ivi</span> <span class='ocrx_word' id='word_1_45' title='bbox 129 1444 219 1526; x_wconf 72' lang='lat' dir='ltr'>igitur</span> <span class='ocrx_word' id='word_1_46' title='bbox 248 1445 289 1508; x_wconf 85' lang='lat' dir='ltr'>nd</span> <span class='ocrx_word' id='word_1_47' title='bbox 310 1444 560 1518; x_wconf 74' lang='lat' dir='ltr'>Alieoasdakum</span> <span class='ocrx_word' id='word_1_48' title='bbox 588 1458 621 1509; x_wconf 93' lang='lat' dir='ltr'>et</span> <span class='ocrx_word' id='word_1_49' title='bbox 643 1447 729 1514; x_wconf 69' lang='lat' dir='ltr'>dixin</span> <span class='ocrx_word' id='word_1_50' title='bbox 772 1439 1062 1512; x_wconf 68' lang='lat' dir='ltr'>obbo-semet</span> <span class='ocrx_word' id='word_1_51' title='bbox 1091 1446 1155 1510; x_wconf 85' lang='grc' dir='ltr'>ΔΙ-</span> 
     </span>
     <span class='ocr_line' id='line_1_8' title="bbox 69 1553 1154 1634; baseline 0.003 -23"><span class='ocrx_word' id='word_1_52' title='bbox 69 1565 183 1614; x_wconf 84' lang='lat' dir='ltr'>nawera</span> <span class='ocrx_word' id='word_1_53' title='bbox 213 1553 379 1634; x_wconf 80' lang='lat' dir='ltr'><strong>repudium</strong></span> <span class='ocrx_word' id='word_1_54' title='bbox 407 1558 497 1634; x_wconf 86' lang='lat' dir='ltr'>petit.</span> <span class='ocrx_word' id='word_1_55' title='bbox 538 1556 628 1617; x_wconf 79' lang='lat' dir='ltr'>Dixit</span> <span class='ocrx_word' id='word_1_56' title='bbox 657 1555 725 1616; x_wconf 84' lang='lat' dir='ltr'>iile:</span> <span class='ocrx_word' id='word_1_57' title='bbox 753 1553 935 1626; x_wconf 83' lang='lat' dir='ltr'>Albosooi&#39;)</span> <span class='ocrx_word' id='word_1_58' title='bbox 964 1555 1154 1615; x_wconf 83' lang='lat' dir='ltr'>testemonio</span> 
     </span>
     <span class='ocr_line' id='line_1_9' title="bbox 70 1654 1157 1744; baseline 0.004 -27"><span class='ocrx_word' id='word_1_59' title='bbox 70 1654 122 1720; x_wconf 82' lang='lat' dir='ltr'>hae</span> <span class='ocrx_word' id='word_1_60' title='bbox 147 1660 176 1722; x_wconf 87' lang='lat' dir='ltr'>in</span> <span class='ocrx_word' id='word_1_61' title='bbox 204 1680 240 1723; x_wconf 85' lang='lat' dir='ltr'>re</span> <span class='ocrx_word' id='word_1_62' title='bbox 267 1661 342 1723; x_wconf 87' lang='lat' dir='ltr'>mibi</span> <span class='ocrx_word' id='word_1_63' title='bbox 372 1661 524 1726; x_wconf 85' lang='lat' dir='ltr'>utendum</span> <span class='ocrx_word' id='word_1_64' title='bbox 553 1671 612 1724; x_wconf 88' lang='lat' dir='ltr'>est.</span> <span class='ocrx_word' id='word_1_65' title='bbox 653 1661 751 1724; x_wconf 86' lang='lat' dir='ltr'>Petiit</span> <span class='ocrx_word' id='word_1_66' title='bbox 780 1663 876 1744; x_wconf 85' lang='lat' dir='ltr'>igitur</span> <span class='ocrx_word' id='word_1_67' title='bbox 895 1661 1095 1724; x_wconf 78' lang='lat' dir='ltr'>Albasanum</span> <span class='ocrx_word' id='word_1_68' title='bbox 1124 1667 1157 1721; x_wconf 89' lang='lat' dir='ltr'>et</span> 
     </span>
     <span class='ocr_line' id='line_1_10' title="bbox 69 1762 1152 1850; baseline 0.004 -24"><span class='ocrx_word' id='word_1_69' title='bbox 69 1783 129 1827; x_wconf 86' lang='lat' dir='ltr'>eom</span> <span class='ocrx_word' id='word_1_70' title='bbox 154 1769 198 1831; x_wconf 90' lang='lat' dir='ltr'>ita</span> <span class='ocrx_word' id='word_1_71' title='bbox 220 1767 379 1832; x_wconf 80' lang='lat' dir='ltr'>alloeotns</span> <span class='ocrx_word' id='word_1_72' title='bbox 400 1779 468 1832; x_wconf 90' lang='lat' dir='ltr'>est:</span> <span class='ocrx_word' id='word_1_73' title='bbox 512 1770 540 1835; x_wconf 94' lang='lat'>0</span> <span class='ocrx_word' id='word_1_74' title='bbox 563 1762 810 1834; x_wconf 80' lang='lat' dir='ltr'>Abu-Saihde!</span> <span class='ocrx_word' id='word_1_75' title='bbox 832 1771 941 1833; x_wconf 77' lang='lat' dir='ltr'>&#39;l&#39;estis</span> <span class='ocrx_word' id='word_1_76' title='bbox 963 1769 1028 1850; x_wconf 87' lang='lat' dir='ltr'>sis,</span> <span class='ocrx_word' id='word_1_77' title='bbox 1050 1767 1152 1830; x_wconf 81' lang='lat' dir='ltr'>Aloa-</span> 
     </span>
     <span class='ocr_line' id='line_1_11' title="bbox 69 1875 1157 1957; baseline 0.006 -25"><span class='ocrx_word' id='word_1_78' title='bbox 69 1887 174 1938; x_wconf 79' lang='lat' dir='ltr'>wareno</span> <span class='ocrx_word' id='word_1_79' title='bbox 196 1875 329 1957; x_wconf 83' lang='lat' dir='ltr'>repudio</span> <span class='ocrx_word' id='word_1_80' title='bbox 353 1877 499 1939; x_wconf 85' lang='lat' dir='ltr'>absoluto</span> <span class='ocrx_word' id='word_1_81' title='bbox 519 1876 682 1939; x_wconf 85' lang='lat' dir='ltr'>dimissam</span> <span class='ocrx_word' id='word_1_82' title='bbox 714 1895 798 1939; x_wconf 88' lang='lat' dir='ltr'>esse.</span> <span class='ocrx_word' id='word_1_83' title='bbox 840 1877 930 1939; x_wconf 86' lang='lat' dir='ltr'>Dixit</span> <span class='ocrx_word' id='word_1_84' title='bbox 957 1877 1025 1938; x_wconf 83' lang='lat' dir='ltr'>iiie:</span> <span class='ocrx_word' id='word_1_85' title='bbox 1047 1875 1157 1938; x_wconf 84' lang='lat' dir='ltr'>&#39;l&#39;estis</span> 
     </span>
     <span class='ocr_line' id='line_1_12' title="bbox 69 1981 1158 2064; baseline 0.006 -26"><span class='ocrx_word' id='word_1_86' title='bbox 69 1994 136 2042; x_wconf 79' lang='lat' dir='ltr'>son.</span> <span class='ocrx_word' id='word_1_87' title='bbox 175 1981 266 2044; x_wconf 79' lang='lat' dir='ltr'>Dixit</span> <span class='ocrx_word' id='word_1_88' title='bbox 305 1983 470 2058; x_wconf 83' lang='lat' dir='ltr'>(relator):</span> <span class='ocrx_word' id='word_1_89' title='bbox 514 1983 619 2063; x_wconf 78' lang='lat' dir='ltr'>Quom</span> <span class='ocrx_word' id='word_1_90' title='bbox 657 1985 710 2045; x_wconf 88' lang='lat' dir='ltr'>iiie</span> <span class='ocrx_word' id='word_1_91' title='bbox 746 1983 989 2064; x_wconf 75' lang='lat' dir='ltr'>(Ferasdakns)</span> <span class='ocrx_word' id='word_1_92' title='bbox 1020 1982 1158 2064; x_wconf 83' lang='lat' dir='ltr'>quadam</span> 
     </span>
     <span class='ocr_line' id='line_1_13' title="bbox 69 2085 1157 2174; baseline 0.007 -28"><span class='ocrx_word' id='word_1_93' title='bbox 69 2085 112 2148; x_wconf 80' lang='lat' dir='ltr'>oie</span> <span class='ocrx_word' id='word_1_94' title='bbox 143 2099 251 2172; x_wconf 82' lang='lat' dir='ltr'>esset,</span> <span class='ocrx_word' id='word_1_95' title='bbox 280 2089 377 2154; x_wconf 90' lang='lat' dir='ltr'>dixit:</span> <span class='ocrx_word' id='word_1_96' title='bbox 408 2093 496 2154; x_wconf 88' lang='lat' dir='ltr'>Num</span> <span class='ocrx_word' id='word_1_97' title='bbox 518 2091 651 2174; x_wconf 87' lang='lat' dir='ltr'>repudio</span> <span class='ocrx_word' id='word_1_98' title='bbox 680 2102 713 2153; x_wconf 88' lang='lat' dir='ltr'>te</span> <span class='ocrx_word' id='word_1_99' title='bbox 734 2086 864 2154; x_wconf 64' lang='lat' dir='ltr'>dimisi?</span> <span class='ocrx_word' id='word_1_100' title='bbox 885 2091 1063 2173; x_wconf 83' lang='lat' dir='ltr'>Respondit</span> <span class='ocrx_word' id='word_1_101' title='bbox 1083 2091 1157 2154; x_wconf 85' lang='lat' dir='ltr'>ilia:</span> 
     </span>
     <span class='ocr_line' id='line_1_14' title="bbox 69 2189 1155 2282; baseline 0.006 -28"><span class='ocrx_word' id='word_1_102' title='bbox 69 2189 169 2260; x_wconf 79' lang='lat' dir='ltr'>Certe!</span> <span class='ocrx_word' id='word_1_103' title='bbox 199 2198 245 2259; x_wconf 79' lang='lat' dir='ltr'>At</span> <span class='ocrx_word' id='word_1_104' title='bbox 273 2197 326 2260; x_wconf 89' lang='lat' dir='ltr'>ilio</span> <span class='ocrx_word' id='word_1_105' title='bbox 352 2196 449 2260; x_wconf 81' lang='lat' dir='ltr'>dixit:</span> <span class='ocrx_word' id='word_1_106' title='bbox 481 2191 632 2262; x_wconf 75' lang='lat' dir='ltr'>Minime!</span> <span class='ocrx_word' id='word_1_107' title='bbox 654 2199 736 2260; x_wconf 76' lang='lat' dir='ltr'>Tuon</span> <span class='ocrx_word' id='word_1_108' title='bbox 762 2198 931 2261; x_wconf 84' lang='lat' dir='ltr'>illedixit:</span> <span class='ocrx_word' id='word_1_109' title='bbox 954 2199 990 2261; x_wconf 89' lang='lat' dir='ltr'>Si</span> <span class='ocrx_word' id='word_1_110' title='bbox 1018 2199 1063 2262; x_wconf 86' lang='lat' dir='ltr'>ita</span> <span class='ocrx_word' id='word_1_111' title='bbox 1092 2207 1155 2282; x_wconf 89' lang='lat' dir='ltr'>est,</span> 
     </span>
     <span class='ocr_line' id='line_1_15' title="bbox 68 2299 1157 2389; baseline 0.009 -29"><span class='ocrx_word' id='word_1_112' title='bbox 68 2299 145 2365; x_wconf 83' lang='lat' dir='ltr'>bene</span> <span class='ocrx_word' id='word_1_113' title='bbox 175 2313 211 2368; x_wconf 88' lang='lat' dir='ltr'>te</span> <span class='ocrx_word' id='word_1_114' title='bbox 238 2306 410 2388; x_wconf 82' lang='lat' dir='ltr'>ignominia</span> <span class='ocrx_word' id='word_1_115' title='bbox 440 2306 590 2389; x_wconf 84' lang='lat' dir='ltr'>adiioiat‚</span> <span class='ocrx_word' id='word_1_116' title='bbox 629 2306 722 2368; x_wconf 84' lang='lat' dir='ltr'>testis</span> <span class='ocrx_word' id='word_1_117' title='bbox 750 2315 803 2370; x_wconf 90' lang='lat' dir='ltr'>est</span> <span class='ocrx_word' id='word_1_118' title='bbox 822 2314 934 2370; x_wconf 82' lang='lat' dir='ltr'>eontra</span> <span class='ocrx_word' id='word_1_119' title='bbox 959 2317 993 2370; x_wconf 88' lang='lat' dir='ltr'>te</span> <span class='ocrx_word' id='word_1_120' title='bbox 1012 2307 1157 2370; x_wconf 73' lang='lat' dir='ltr'>Athmo-</span> 
     </span>
     <span class='ocr_line' id='line_1_16' title="bbox 69 2413 1087 2495; baseline 0.008 -27"><span class='ocrx_word' id='word_1_121' title='bbox 69 2425 118 2472; x_wconf 88' lang='lat' dir='ltr'>ooa</span> <span class='ocrx_word' id='word_1_122' title='bbox 138 2421 171 2475; x_wconf 90' lang='lat' dir='ltr'>et</span> <span class='ocrx_word' id='word_1_123' title='bbox 193 2413 263 2476; x_wconf 89' lang='lat' dir='ltr'>eius</span> <span class='ocrx_word' id='word_1_124' title='bbox 285 2421 398 2476; x_wconf 83' lang='lat' dir='ltr'>coetus</span> <span class='ocrx_word' id='word_1_125' title='bbox 422 2423 456 2476; x_wconf 88' lang='lat' dir='ltr'>et</span> <span class='ocrx_word' id='word_1_126' title='bbox 476 2423 512 2476; x_wconf 90' lang='lat' dir='ltr'>tu</span> <span class='ocrx_word' id='word_1_127' title='bbox 532 2414 730 2495; x_wconf 74' lang='lat' dir='ltr'>lapidaberis.</span> <span class='ocrx_word' id='word_1_128' title='bbox 773 2415 856 2478; x_wconf 77' lang='lat' dir='ltr'>&#39;l&#39;um</span> <span class='ocrx_word' id='word_1_129' title='bbox 881 2415 999 2478; x_wconf 86' lang='lat' dir='ltr'>oeoinit</span> <span class='ocrx_word' id='word_1_130' title='bbox 1018 2415 1087 2478; x_wconf 86' lang='lat' dir='ltr'>ilie:</span> 
     </span>
    </p>
   </div>
   <div class='ocr_carea' id='block_1_4' title="bbox 70 2545 1162 2846">
    <p class='ocr_par' dir='ltr' id='par_1_4' title="bbox 70 2545 1162 2846">
     <span class='ocr_line' id='line_1_17' title="bbox 139 2545 1160 2648; baseline 0.001 -39"><span class='ocrx_word' id='word_1_131' title='bbox 139 2545 369 2609; x_wconf 76' lang='lat' dir='ltr'>Paenitentiam</span> <span class='ocrx_word' id='word_1_132' title='bbox 389 2565 452 2630; x_wconf 84' lang='lat' dir='ltr'>ago</span> <span class='ocrx_word' id='word_1_133' title='bbox 468 2547 555 2610; x_wconf 84' lang='lat' dir='ltr'>siout</span> <span class='ocrx_word' id='word_1_134' title='bbox 570 2546 740 2630; x_wconf 71' lang='lat' dir='ltr'>Coabihta,</span> <span class='ocrx_word' id='word_1_135' title='bbox 762 2565 856 2628; x_wconf 87' lang='lat' dir='ltr'><strong>quum</strong></span> <span class='ocrx_word' id='word_1_136' title='bbox 879 2567 899 2612; x_wconf 82' lang='lat' dir='ltr'>a</span> <span class='ocrx_word' id='word_1_137' title='bbox 919 2547 1160 2648; x_wconf 19' lang='lat' dir='ltr'>memdinawara</span> 
     </span>
     <span class='ocr_line' id='line_1_18' title="bbox 70 2649 1160 2736; baseline 0.004 -27"><span class='ocrx_word' id='word_1_138' title='bbox 70 2649 185 2730; x_wconf 80' lang='lat' dir='ltr'>repudio</span> <span class='ocrx_word' id='word_1_139' title='bbox 215 2651 348 2716; x_wconf 84' lang='lat' dir='ltr'>dimissa</span> <span class='ocrx_word' id='word_1_140' title='bbox 376 2661 485 2735; x_wconf 82' lang='lat' dir='ltr'>esaet;</span> <span class='ocrx_word' id='word_1_141' title='bbox 508 2655 679 2717; x_wconf 81' lang='lat' dir='ltr'>eratenim</span> <span class='ocrx_word' id='word_1_142' title='bbox 706 2653 875 2735; x_wconf 81' lang='lat' dir='ltr'>paradisus</span> <span class='ocrx_word' id='word_1_143' title='bbox 897 2671 1010 2736; x_wconf 85' lang='lat' dir='ltr'>meos,</span> <span class='ocrx_word' id='word_1_144' title='bbox 1032 2672 1074 2714; x_wconf 87' lang='lat' dir='ltr'>ex</span> <span class='ocrx_word' id='word_1_145' title='bbox 1097 2670 1160 2733; x_wconf 90' lang='lat' dir='ltr'>quo</span> 
     </span>
     <span class='ocr_line' id='line_1_19' title="bbox 71 2757 1162 2846; baseline 0.005 -30"><span class='ocrx_word' id='word_1_146' title='bbox 71 2757 146 2820; x_wconf 84' lang='lat' dir='ltr'>exivi</span> <span class='ocrx_word' id='word_1_147' title='bbox 175 2761 260 2824; x_wconf 82' lang='lat' dir='ltr'>siout</span> <span class='ocrx_word' id='word_1_148' title='bbox 287 2760 453 2846; x_wconf 74' lang='lat' dir='ltr'>Adamas,</span> <span class='ocrx_word' id='word_1_149' title='bbox 496 2779 594 2844; x_wconf 84' lang='lat' dir='ltr'><strong>quum</strong></span> <span class='ocrx_word' id='word_1_150' title='bbox 640 2779 714 2823; x_wconf 87' lang='lat' dir='ltr'>eum</span> <span class='ocrx_word' id='word_1_151' title='bbox 749 2760 940 2824; x_wconf 83' lang='lat' dir='ltr'>Aldbirarus</span> <span class='ocrx_word' id='word_1_152' title='bbox 982 2761 1162 2840; x_wconf 77' lang='lat' dir='ltr'>expulisset</span> 
     </span>
    </p>
   </div>
   <div class='ocr_carea' id='block_1_5' title="bbox 71 2888 1185 3404">
    <p class='ocr_par' dir='ltr' id='par_1_5' title="bbox 71 2888 1185 3404">
     <span class='ocr_line' id='line_1_20' title="bbox 71 2888 1157 2976; baseline 0.002 -27"><span class='ocrx_word' id='word_1_153' title='bbox 71 2888 151 2972; x_wconf 85' lang='lat' dir='ltr'>eique</span> <span class='ocrx_word' id='word_1_154' title='bbox 170 2893 280 2955; x_wconf 86' lang='lat' dir='ltr'>similis</span> <span class='ocrx_word' id='word_1_155' title='bbox 303 2912 401 2975; x_wconf 79' lang='lat' dir='ltr'>erem,</span> <span class='ocrx_word' id='word_1_156' title='bbox 424 2893 476 2976; x_wconf 90' lang='lat' dir='ltr'>qui</span> <span class='ocrx_word' id='word_1_157' title='bbox 497 2893 608 2957; x_wconf 84' lang='lat' dir='ltr'>oculos</span> <span class='ocrx_word' id='word_1_158' title='bbox 621 2911 700 2955; x_wconf 87' lang='lat' dir='ltr'>suos</span> <span class='ocrx_word' id='word_1_159' title='bbox 722 2892 799 2955; x_wconf 80' lang='lat' dir='ltr'>deta</span> <span class='ocrx_word' id='word_1_160' title='bbox 820 2910 918 2972; x_wconf 81' lang='lat' dir='ltr'>opera</span> <span class='ocrx_word' id='word_1_161' title='bbox 939 2889 1032 2974; x_wconf 86' lang='lat' dir='ltr'>eruit,</span> <span class='ocrx_word' id='word_1_162' title='bbox 1056 2891 1100 2952; x_wconf 82' lang='lat' dir='ltr'>ita</span> <span class='ocrx_word' id='word_1_163' title='bbox 1121 2898 1157 2953; x_wconf 89' lang='lat' dir='ltr'>ut</span> 
     </span>
     <span class='ocr_line' id='line_1_21' title="bbox 71 2995 1159 3078; baseline 0.003 -21"><span class='ocrx_word' id='word_1_164' title='bbox 71 2995 129 3060; x_wconf 84' lang='lat' dir='ltr'>dies</span> <span class='ocrx_word' id='word_1_165' title='bbox 159 3001 188 3062; x_wconf 90' lang='lat' dir='ltr'>ei</span> <span class='ocrx_word' id='word_1_166' title='bbox 214 3001 322 3062; x_wconf 83' lang='lat' dir='ltr'>einrus</span> <span class='ocrx_word' id='word_1_167' title='bbox 357 3020 420 3062; x_wconf 91' lang='lat' dir='ltr'>non</span> <span class='ocrx_word' id='word_1_168' title='bbox 446 2999 498 3061; x_wconf 88' lang='lat' dir='ltr'>sit.</span> <span class='ocrx_word' id='word_1_169' title='bbox 542 2997 638 3078; x_wconf 83' lang='lat' dir='ltr'>Quod</span> <span class='ocrx_word' id='word_1_170' title='bbox 665 2999 693 3060; x_wconf 88' lang='lat' dir='ltr'>si</span> <span class='ocrx_word' id='word_1_171' title='bbox 719 3017 799 3061; x_wconf 84' lang='lat' dir='ltr'>vero</span> <span class='ocrx_word' id='word_1_172' title='bbox 829 3015 942 3060; x_wconf 85' lang='lat' dir='ltr'>manus</span> <span class='ocrx_word' id='word_1_173' title='bbox 978 3006 1011 3060; x_wconf 93' lang='lat' dir='ltr'>et</span> <span class='ocrx_word' id='word_1_174' title='bbox 1053 2995 1159 3060; x_wconf 80' lang='lat' dir='ltr'>cordis</span> 
     </span>
     <span class='ocr_line' id='line_1_22' title="bbox 71 3104 1162 3187; baseline 0.005 -25"><span class='ocrx_word' id='word_1_175' title='bbox 71 3105 124 3165; x_wconf 84' lang='lat' dir='ltr'>mei</span> <span class='ocrx_word' id='word_1_176' title='bbox 153 3115 347 3187; x_wconf 86' lang='lat' dir='ltr'>potestatem</span> <span class='ocrx_word' id='word_1_177' title='bbox 368 3105 573 3185; x_wconf 85' lang='lat' dir='ltr'>habuissem,</span> <span class='ocrx_word' id='word_1_178' title='bbox 599 3105 678 3170; x_wconf 80' lang='lat' dir='ltr'>‚foto</span> <span class='ocrx_word' id='word_1_179' title='bbox 700 3112 813 3166; x_wconf 82' lang='lat' dir='ltr'>contra</span> <span class='ocrx_word' id='word_1_180' title='bbox 838 3123 890 3166; x_wconf 85' lang='lat' dir='ltr'>me</span> <span class='ocrx_word' id='word_1_181' title='bbox 911 3104 1024 3166; x_wconf 83' lang='lat' dir='ltr'>eiaetio</span> <span class='ocrx_word' id='word_1_182' title='bbox 1047 3105 1162 3168; x_wconf 70' lang='lat' dir='ltr'>suissed</span> 
     </span>
     <span class='ocr_line' id='line_1_23' title="bbox 72 3212 1185 3285; baseline 0.004 -14"><span class='ocrx_word' id='word_1_183' title='bbox 72 3213 206 3280; x_wconf 83' lang='lat' dir='ltr'>(nortem</span> <span class='ocrx_word' id='word_1_184' title='bbox 241 3214 386 3276; x_wconf 85' lang='lat' dir='ltr'>lubenter</span> <span class='ocrx_word' id='word_1_185' title='bbox 414 3215 610 3285; x_wconf 83' lang='lat' dir='ltr'>subiissem).</span> <span class='ocrx_word' id='word_1_186' title='bbox 652 3213 696 3274; x_wconf 79' lang='lat' dir='ltr'>Et</span> <span class='ocrx_word' id='word_1_187' title='bbox 722 3231 786 3274; x_wconf 91' lang='lat' dir='ltr'>non</span> <span class='ocrx_word' id='word_1_188' title='bbox 812 3212 852 3275; x_wconf 93' lang='lat' dir='ltr'>ob</span> <span class='ocrx_word' id='word_1_189' title='bbox 885 3213 1067 3274; x_wconf 68' lang='lat' dir='ltr'>satietatem</span> <span class='ocrx_word' id='word_1_190' title='bbox 1088 3230 1185 3276; x_wconf 57' lang='lat' dir='ltr'>eam*</span> 
     </span>
     <span class='ocr_line' id='line_1_24' title="bbox 71 3315 1162 3404; baseline 0.002 -22"><span class='ocrx_word' id='word_1_191' title='bbox 71 3315 173 3404; x_wconf 78' lang='lat' dir='ltr'>dimisi,</span> <span class='ocrx_word' id='word_1_192' title='bbox 191 3321 250 3384; x_wconf 86' lang='lat' dir='ltr'>sed</span> <span class='ocrx_word' id='word_1_193' title='bbox 274 3321 402 3403; x_wconf 85' lang='lat' dir='ltr'>putavi,</span> <span class='ocrx_word' id='word_1_194' title='bbox 427 3331 552 3404; x_wconf 86' lang='lat' dir='ltr'>tempus</span> <span class='ocrx_word' id='word_1_195' title='bbox 576 3337 703 3382; x_wconf 86' lang='lat' dir='ltr'>sumere</span> <span class='ocrx_word' id='word_1_196' title='bbox 724 3317 769 3404; x_wconf 87' lang='lat' dir='ltr'>id,</span> <span class='ocrx_word' id='word_1_197' title='bbox 792 3319 877 3402; x_wconf 90' lang='lat' dir='ltr'>quod</span> <span class='ocrx_word' id='word_1_198' title='bbox 899 3327 1008 3383; x_wconf 86' lang='lat' dir='ltr'>mutuo</span> <span class='ocrx_word' id='word_1_199' title='bbox 1031 3315 1162 3384; x_wconf 86' lang='lat' dir='ltr'>detor“.</span> 
     </span>
    </p>
   </div>
   <div class='ocr_carea' id='block_1_6' title="bbox 73 3507 294 3522">
    <p class='ocr_par' dir='ltr' id='par_1_6' title="bbox 73 3507 294 3522">
     <span class='ocr_line' id='line_1_25' title="bbox 73 3507 294 3522; baseline 0.009 -2"><span class='ocrx_word' id='word_1_200' title='bbox 73 3507 188 3522; x_wconf 65' lang='lat'>——..——‚,</span> <span class='ocrx_word' id='word_1_201' title='bbox 210 3517 215 3520; x_wconf 96' lang='lat'>.</span> <span class='ocrx_word' id='word_1_202' title='bbox 231 3517 255 3522; x_wconf 85' lang='lat'>..-</span> <span class='ocrx_word' id='word_1_203' title='bbox 265 3515 294 3522; x_wconf 76' lang='grc'>--</span> 
     </span>
    </p>
   </div>
   <div class='ocr_carea' id='block_1_7' title="bbox 87 3609 1164 3816">
    <p class='ocr_par' dir='ltr' id='par_1_7' title="bbox 87 3609 1164 3816">
     <span class='ocr_line' id='line_1_26' title="bbox 91 3609 488 3668; baseline 0.028 -12"><span class='ocrx_word' id='word_1_204' title='bbox 91 3609 117 3668; x_wconf 83' lang='lat' dir='ltr'>tt</span> <span class='ocrx_word' id='word_1_205' title='bbox 134 3611 180 3663; x_wconf 70' lang='lat' dir='ltr'>Bet</span> <span class='ocrx_word' id='word_1_206' title='bbox 196 3615 321 3666; x_wconf 70' lang='lat' dir='ltr'>timos</span> <span class='ocrx_word' id='word_1_207' title='bbox 338 3617 488 3667; x_wconf 73' lang='lat' dir='ltr'>burensis.</span> 
     </span>
     <span class='ocr_line' id='line_1_27' title="bbox 87 3727 1164 3816; baseline -0.002 -26"><span class='ocrx_word' id='word_1_208' title='bbox 87 3731 117 3790; x_wconf 69' lang='lat'>2)</span> <span class='ocrx_word' id='word_1_209' title='bbox 132 3736 162 3786; x_wconf 81' lang='lat' dir='ltr'>lo</span> <span class='ocrx_word' id='word_1_210' title='bbox 178 3737 270 3788; x_wconf 83' lang='lat' dir='ltr'>codiee</span> <span class='ocrx_word' id='word_1_211' title='bbox 286 3740 373 3804; x_wconf 73' lang='lat' dir='ltr'>bugd.</span> <span class='ocrx_word' id='word_1_212' title='bbox 390 3740 492 3806; x_wconf 77' lang='lat' dir='ltr'>iegitur</span> <span class='ocrx_word' id='word_1_213' title='bbox 507 3727 641 3816; x_wconf 61' lang='grc' dir='ltr'>εΐὲᾼῤ,</span> <span class='ocrx_word' id='word_1_214' title='bbox 659 3749 693 3794; x_wconf 87' lang='lat' dir='ltr'>et</span> <span class='ocrx_word' id='word_1_215' title='bbox 715 3743 791 3794; x_wconf 86' lang='lat' dir='ltr'>eins</span> <span class='ocrx_word' id='word_1_216' title='bbox 806 3751 1006 3806; x_wconf 75' lang='lat' dir='ltr'>successor,</span> <span class='ocrx_word' id='word_1_217' title='bbox 1027 3737 1053 3790; x_wconf 85' lang='lat' dir='ltr'>in</span> <span class='ocrx_word' id='word_1_218' title='bbox 1071 3737 1164 3788; x_wconf 82' lang='lat' dir='ltr'>codiee</span> 
     </span>
    </p>
   </div>
   <div class='ocr_carea' id='block_1_8' title="bbox 133 3841 352 3926">
    <p class='ocr_par' dir='ltr' id='par_1_8' title="bbox 133 3841 352 3926">
     <span class='ocr_line' id='line_1_28' title="bbox 133 3841 352 3926; baseline 0 -22"><span class='ocrx_word' id='word_1_219' title='bbox 133 3841 352 3926; x_wconf 51' lang='lat' dir='ltr'>mouth,</span> 
     </span>
    </p>
   </div>
   <div class='ocr_carea' id='block_1_9' title="bbox 87 3977 1269 4166">
    <p class='ocr_par' dir='ltr' id='par_1_9' title="bbox 87 3977 1269 4166">
     <span class='ocr_line' id='line_1_29' title="bbox 87 3977 1165 4049; baseline -0.002 -17"><span class='ocrx_word' id='word_1_220' title='bbox 87 3977 114 4032; x_wconf 78' lang='lat'>³)</span> <span class='ocrx_word' id='word_1_221' title='bbox 133 3979 165 4026; x_wconf 82' lang='lat' dir='ltr'>ln</span> <span class='ocrx_word' id='word_1_222' title='bbox 184 3977 269 4033; x_wconf 74' lang='lat' dir='ltr'>ledon</span> <span class='ocrx_word' id='word_1_223' title='bbox 294 3997 355 4034; x_wconf 78' lang='lat' dir='ltr'>oneo</span> <span class='ocrx_word' id='word_1_224' title='bbox 379 3995 415 4036; x_wconf 86' lang='lat' dir='ltr'>ex</span> <span class='ocrx_word' id='word_1_225' title='bbox 438 3985 539 4040; x_wconf 74' lang='lat' dir='ltr'>Reisidi</span> <span class='ocrx_word' id='word_1_226' title='bbox 562 3987 781 4040; x_wconf 79' lang='lat' dir='ltr'>adnotationibus</span> <span class='ocrx_word' id='word_1_227' title='bbox 802 3990 837 4038; x_wconf 82' lang='lat' dir='ltr'>ad</span> <span class='ocrx_word' id='word_1_228' title='bbox 858 3984 997 4049; x_wconf 75' lang='lat' dir='ltr'>exemplar</span> <span class='ocrx_word' id='word_1_229' title='bbox 1020 3981 1092 4034; x_wconf 72' lang='lat' dir='ltr'>eom</span> <span class='ocrx_word' id='word_1_230' title='bbox 1112 3981 1165 4030; x_wconf 85' lang='lat' dir='ltr'>ad-</span> 
     </span>
     <span class='ocr_line' id='line_1_30' title="bbox 130 4063 1269 4166; baseline 0.006 -42"><span class='ocrx_word' id='word_1_231' title='bbox 130 4077 228 4142; x_wconf 80' lang='lat' dir='ltr'>notavi,</span> <span class='ocrx_word' id='word_1_232' title='bbox 244 4067 342 4166; x_wconf 55' lang='lat' dir='ltr'>oiseii</span> <span class='ocrx_word' id='word_1_233' title='bbox 364 4098 463 4136; x_wconf 83' lang='lat' dir='ltr'>nonen</span> <span class='ocrx_word' id='word_1_234' title='bbox 490 4085 582 4151; x_wconf 78' lang='lat' dir='ltr'>angeli</span> <span class='ocrx_word' id='word_1_235' title='bbox 614 4101 692 4154; x_wconf 83' lang='lat' dir='ltr'>esse,</span> <span class='ocrx_word' id='word_1_236' title='bbox 736 4087 781 4152; x_wconf 82' lang='lat' dir='ltr'>qo!</span> <span class='ocrx_word' id='word_1_237' title='bbox 814 4088 948 4137; x_wconf 78' lang='lat' dir='ltr'>Adamnm</span> <span class='ocrx_word' id='word_1_238' title='bbox 981 4093 998 4134; x_wconf 85' lang='lat' dir='ltr'>e</span> <span class='ocrx_word' id='word_1_239' title='bbox 1035 4079 1161 4146; x_wconf 69' lang='lat' dir='ltr'>nuadbo</span> <span class='ocrx_word' id='word_1_240' title='bbox 1263 4063 1269 4076; x_wconf 85' lang='grc'><strong>’</strong></span> 
     </span>
    </p>
   </div>
   <div class='ocr_carea' id='block_1_10' title="bbox 135 4197 1167 4376">
    <p class='ocr_par' dir='ltr' id='par_1_10' title="bbox 135 4197 1167 4376">
     <span class='ocr_line' id='line_1_31' title="bbox 137 4197 1167 4298; baseline -0.004 -36"><span class='ocrx_word' id='word_1_241' title='bbox 137 4203 300 4276; x_wconf 58' lang='lat' dir='ltr'>molestato</span> <span class='ocrx_word' id='word_1_242' title='bbox 316 4212 386 4274; x_wconf 84' lang='lat' dir='ltr'>qood</span> <span class='ocrx_word' id='word_1_243' title='bbox 407 4197 542 4298; x_wconf 66' lang='lat' dir='ltr'>in)i5edi</span> <span class='ocrx_word' id='word_1_244' title='bbox 560 4213 748 4278; x_wconf 67' lang='lat' dir='ltr'>nordgendoon</span> <span class='ocrx_word' id='word_1_245' title='bbox 755 4215 808 4274; x_wconf 85' lang='lat' dir='ltr'>est,</span> <span class='ocrx_word' id='word_1_246' title='bbox 827 4205 953 4261; x_wconf 69' lang='lat' dir='ltr'>nennius</span> <span class='ocrx_word' id='word_1_247' title='bbox 971 4204 1041 4257; x_wconf 84' lang='lat' dir='ltr'>enim</span> <span class='ocrx_word' id='word_1_248' title='bbox 1058 4217 1094 4258; x_wconf 87' lang='lat' dir='ltr'>ex</span> <span class='ocrx_word' id='word_1_249' title='bbox 1109 4205 1167 4260; x_wconf 86' lang='lat' dir='ltr'>boo</span> 
     </span>
     <span class='ocr_line' id='line_1_32' title="bbox 135 4308 721 4376; baseline 0.012 -20"><span class='ocrx_word' id='word_1_250' title='bbox 135 4313 214 4358; x_wconf 77' lang='lat' dir='ltr'>veroa</span> <span class='ocrx_word' id='word_1_251' title='bbox 229 4308 451 4376; x_wconf 68' lang='lat' dir='ltr'>agamennonem</span> <span class='ocrx_word' id='word_1_252' title='bbox 467 4311 588 4366; x_wconf 69' lang='lat' dir='ltr'>bomine</span> <span class='ocrx_word' id='word_1_253' title='bbox 605 4312 721 4364; x_wconf 62' lang='lat' dir='ltr'>vidaon</span> 
     </span>
    </p>
   </div>
   <div class='ocr_carea' id='block_1_11' title="bbox 0 0 1431 5024">
    <p class='ocr_par' dir='ltr' id='par_1_11' title="bbox 0 0 1431 5024">
     <span class='ocr_line' id='line_1_33' title="bbox 0 0 1431 5024; baseline 0 0"><span class='ocrx_word' id='word_1_254' title='bbox 0 0 1431 5024; x_wconf 95' lang='lat' dir='ltr'> </span> 
     </span>
    </p>
   </div>
  </div>
 </body>
</html>
