<?xml version="1.0" encoding="UTF-8"?>
<!DOCTYPE html PUBLIC "-//W3C//DTD XHTML 1.0 Transitional//EN"
    "http://www.w3.org/TR/xhtml1/DTD/xhtml1-transitional.dtd">
<html xmlns="http://www.w3.org/1999/xhtml" xml:lang="en" lang="en">
 <head>
  <title>
</title>
<meta http-equiv="Content-Type" content="text/html;charset=utf-8" />
  <meta name='ocr-system' content='tesseract 3.04.00' />
  <meta name='ocr-capabilities' content='ocr_page ocr_carea ocr_par ocr_line ocrx_word'/>
</head>
<body>
  <div class='ocr_page' id='page_1' title='image "./arabumproverbia02alfgoog/arabumproverbia02alfgoog_0108.png"; bbox 0 0 2906 5028; ppageno 0'>
   <div class='ocr_carea' id='block_1_1' title="bbox 496 322 704 386">
    <p class='ocr_par' dir='ltr' id='par_1_1' title="bbox 496 322 704 386">
     <span class='ocr_line' id='line_1_1' title="bbox 496 322 704 386; baseline 0 -18"><span class='ocrx_word' id='word_1_1' title='bbox 496 322 704 386; x_wconf 72' lang='lat'>..97-</span> 
     </span>
    </p>
   </div>
   <div class='ocr_carea' id='block_1_2' title="bbox 75 503 1253 910">
    <p class='ocr_par' dir='ltr' id='par_1_2' title="bbox 75 503 1253 910">
     <span class='ocr_line' id='line_1_2' title="bbox 75 503 1150 592; baseline 0.003 -26"><span class='ocrx_word' id='word_1_2' title='bbox 75 505 129 566; x_wconf 82' lang='lat' dir='ltr'><strong>cius</strong></span> <span class='ocrx_word' id='word_1_3' title='bbox 149 505 245 568; x_wconf 80' lang='lat' dir='ltr'><strong>rctlitu</strong></span> <span class='ocrx_word' id='word_1_4' title='bbox 265 525 329 568; x_wconf 89' lang='lat' dir='ltr'><strong>nun</strong></span> <span class='ocrx_word' id='word_1_5' title='bbox 359 513 535 584; x_wconf 80' lang='lat' dir='ltr'><strong>reparatur.</strong></span> <span class='ocrx_word' id='word_1_6' title='bbox 578 503 642 568; x_wconf 85' lang='lat' dir='ltr'><strong>Alii</strong></span> <span class='ocrx_word' id='word_1_7' title='bbox 663 513 770 570; x_wconf 76' lang='lat' dir='ltr'><strong>autem</strong></span> <span class='ocrx_word' id='word_1_8' title='bbox 791 507 890 571; x_wconf 79' lang='lat' dir='ltr'><strong>aliter.</strong></span> <span class='ocrx_word' id='word_1_9' title='bbox 924 509 1054 592; x_wconf 84' lang='lat' dir='ltr'><strong>Dicunt,</strong></span> <span class='ocrx_word' id='word_1_10' title='bbox 1075 509 1150 588; x_wconf 82' lang='lat' dir='ltr'><strong>plu-</strong></span> 
     </span>
     <span class='ocr_line' id='line_1_3' title="bbox 78 612 1253 698; baseline 0 -26"><span class='ocrx_word' id='word_1_11' title='bbox 78 612 147 674; x_wconf 82' lang='lat' dir='ltr'><strong>viam</strong></span> <span class='ocrx_word' id='word_1_12' title='bbox 166 623 312 675; x_wconf 81' lang='lat' dir='ltr'><strong>evertere</strong></span> <span class='ocrx_word' id='word_1_13' title='bbox 343 621 376 675; x_wconf 87' lang='lat' dir='ltr'><strong>ct</strong></span> <span class='ocrx_word' id='word_1_14' title='bbox 402 629 609 693; x_wconf 83' lang='lat' dir='ltr'><strong>corrumpere</strong></span> <span class='ocrx_word' id='word_1_15' title='bbox 635 629 739 695; x_wconf 84' lang='lat' dir='ltr'><strong>aquae</strong></span> <span class='ocrx_word' id='word_1_16' title='bbox 772 615 994 698; x_wconf 83' lang='lat' dir='ltr'><strong>receptacula,</strong></span> <span class='ocrx_word' id='word_1_17' title='bbox 1036 614 1151 697; x_wconf 81' lang='lat' dir='ltr'><strong>plmtis</strong></span> <span class='ocrx_word' id='word_1_18' title='bbox 1251 667 1253 672; x_wconf 81' lang='grc'>,</span> 
     </span>
     <span class='ocr_line' id='line_1_4' title="bbox 77 717 1152 799; baseline 0 -19"><span class='ocrx_word' id='word_1_19' title='bbox 77 729 163 780; x_wconf 86' lang='lat' dir='ltr'><strong>autem</strong></span> <span class='ocrx_word' id='word_1_20' title='bbox 184 719 402 781; x_wconf 76' lang='lat' dir='ltr'><strong>crescentibus</strong></span> <span class='ocrx_word' id='word_1_21' title='bbox 423 736 540 780; x_wconf 82' lang='lat' dir='ltr'><strong>noxam</strong></span> <span class='ocrx_word' id='word_1_22' title='bbox 561 717 645 780; x_wconf 85' lang='lat' dir='ltr'><strong>illam</strong></span> <span class='ocrx_word' id='word_1_23' title='bbox 666 721 814 799; x_wconf 81' lang='lat' dir='ltr'><strong>reparari.</strong></span> <span class='ocrx_word' id='word_1_24' title='bbox 848 721 899 782; x_wconf 88' lang='lat' dir='ltr'><strong>Dc</strong></span> <span class='ocrx_word' id='word_1_25' title='bbox 919 723 989 782; x_wconf 87' lang='lat' dir='ltr'><strong>viro</strong></span> <span class='ocrx_word' id='word_1_26' title='bbox 1010 719 1152 782; x_wconf 81' lang='lat' dir='ltr'><strong>adhiberi</strong></span> 
     </span>
     <span class='ocr_line' id='line_1_5' title="bbox 76 823 1153 910; baseline 0.004 -25"><span class='ocrx_word' id='word_1_27' title='bbox 76 825 263 904; x_wconf 82' lang='lat' dir='ltr'><strong>proverbium,</strong></span> <span class='ocrx_word' id='word_1_28' title='bbox 286 824 378 886; x_wconf 88' lang='lat' dir='ltr'><strong>cuius</strong></span> <span class='ocrx_word' id='word_1_29' title='bbox 398 824 516 886; x_wconf 88' lang='lat' dir='ltr'><strong>utilitas</strong></span> <span class='ocrx_word' id='word_1_30' title='bbox 538 823 636 886; x_wconf 86' lang='lat' dir='ltr'><strong>maior</strong></span> <span class='ocrx_word' id='word_1_31' title='bbox 656 824 698 885; x_wconf 81' lang='lat' dir='ltr'><strong>ait</strong></span> <span class='ocrx_word' id='word_1_32' title='bbox 719 842 812 905; x_wconf 84' lang='lat' dir='ltr'><strong>quam</strong></span> <span class='ocrx_word' id='word_1_33' title='bbox 835 844 930 888; x_wconf 88' lang='lat' dir='ltr'><strong>ncxa.</strong></span> <span class='ocrx_word' id='word_1_34' title='bbox 978 827 1046 889; x_wconf 86' lang='lat' dir='ltr'><strong>Sed</strong></span> <span class='ocrx_word' id='word_1_35' title='bbox 1068 829 1153 910; x_wconf 84' lang='lat' dir='ltr'><strong>legi-</strong></span> 
     </span>
    </p>
   </div>
   <div class='ocr_carea' id='block_1_3' title="bbox 76 929 1154 1281">
    <p class='ocr_par' dir='ltr' id='par_1_3' title="bbox 76 929 1154 1281">
     <span class='ocr_line' id='line_1_6' title="bbox 77 929 1153 1014; baseline 0.004 -22"><span class='ocrx_word' id='word_1_36' title='bbox 77 941 113 992; x_wconf 88' lang='lat' dir='ltr'><strong>tur</strong></span> <span class='ocrx_word' id='word_1_37' title='bbox 129 951 252 1014; x_wconf 88' lang='lat' dir='ltr'><strong>quoquc</strong></span> <span class='ocrx_word' id='word_1_38' title='bbox 272 943 352 999; x_wconf 52' lang='lat' dir='ltr'><strong>aas</strong></span> <span class='ocrx_word' id='word_1_39' title='bbox 373 939 613 1010; x_wconf 81' lang='lat' dir='ltr'><strong>corruptum</strong></span> <span class='ocrx_word' id='word_1_40' title='bbox 634 929 712 992; x_wconf 84' lang='lat' dir='ltr'><strong>luit</strong></span> <span class='ocrx_word' id='word_1_41' title='bbox 732 940 765 993; x_wconf 86' lang='lat' dir='ltr'><strong>ct</strong></span> <span class='ocrx_word' id='word_1_42' title='bbox 785 936 885 1014; x_wconf 50' lang='grc' dir='ltr'><strong>ἀφ,</strong></span> <span class='ocrx_word' id='word_1_43' title='bbox 907 934 1041 996; x_wconf 89' lang='lat' dir='ltr'><strong>cuivcci</strong></span> <span class='ocrx_word' id='word_1_44' title='bbox 1063 952 1153 996; x_wconf 83' lang='lat' dir='ltr'><strong>ccr-</strong></span> 
     </span>
     <span class='ocr_line' id='line_1_7' title="bbox 78 1053 1154 1138; baseline 0.004 -24"><span class='ocrx_word' id='word_1_45' title='bbox 78 1055 263 1136; x_wconf 81' lang='lat' dir='ltr'><strong>rumpendi</strong></span> <span class='ocrx_word' id='word_1_46' title='bbox 284 1054 476 1136; x_wconf 82' lang='lat' dir='ltr'><strong>significatio</strong></span> <span class='ocrx_word' id='word_1_47' title='bbox 498 1053 651 1116; x_wconf 84' lang='lat' dir='ltr'>tribuitur.</span> <span class='ocrx_word' id='word_1_48' title='bbox 674 1055 757 1117; x_wconf 83' lang='lat' dir='ltr'><strong>Sunt</strong></span> <span class='ocrx_word' id='word_1_49' title='bbox 778 1053 927 1138; x_wconf 87' lang='lat' dir='ltr'><strong>denique,</strong></span> <span class='ocrx_word' id='word_1_50' title='bbox 951 1057 1003 1138; x_wconf 87' lang='lat' dir='ltr'><strong>qui</strong></span> <span class='ocrx_word' id='word_1_51' title='bbox 1024 1057 1154 1126; x_wconf 62' lang='lat' dir='ltr'><strong>Mil·</strong></span> 
     </span>
     <span class='ocr_line' id='line_1_8' title="bbox 76 1169 1153 1281; baseline 0.002 -42"><span class='ocrx_word' id='word_1_52' title='bbox 76 1180 130 1281; x_wconf 42' lang='grc' dir='ltr'><strong>ομ</strong></span> <span class='ocrx_word' id='word_1_53' title='bbox 147 1178 205 1263; x_wconf 84' lang='lat' dir='ltr'><strong>„id</strong></span> <span class='ocrx_word' id='word_1_54' title='bbox 228 1176 313 1260; x_wconf 86' lang='lat' dir='ltr'><strong>quod</strong></span> <span class='ocrx_word' id='word_1_55' title='bbox 333 1177 436 1258; x_wconf 78' lang='lat' dir='ltr'><strong>frigus</strong></span> <span class='ocrx_word' id='word_1_56' title='bbox 458 1169 620 1256; x_wconf 66' lang='grc' dir='ltr'><strong>οοηιψίια</strong></span> <span class='ocrx_word' id='word_1_57' title='bbox 642 1175 792 1242; x_wconf 75' lang='lat' dir='ltr'><strong>habeant.</strong></span> <span class='ocrx_word' id='word_1_58' title='bbox 829 1177 925 1258; x_wconf 82' lang='lat' dir='ltr'><strong>Quod</strong></span> <span class='ocrx_word' id='word_1_59' title='bbox 947 1179 976 1241; x_wconf 87' lang='lat' dir='ltr'><strong>si</strong></span> <span class='ocrx_word' id='word_1_60' title='bbox 994 1179 1081 1242; x_wconf 89' lang='lat' dir='ltr'><strong>hunc</strong></span> <span class='ocrx_word' id='word_1_61' title='bbox 1102 1179 1153 1241; x_wconf 90' lang='lat' dir='ltr'><strong>ic-</strong></span> 
     </span>
    </p>
   </div>
   <div class='ocr_carea' id='block_1_4' title="bbox 77 1298 1153 1593">
    <p class='ocr_par' dir='ltr' id='par_1_4' title="bbox 77 1298 1153 1593">
     <span class='ocr_line' id='line_1_9' title="bbox 78 1298 1153 1382; baseline -0.001 -19"><span class='ocrx_word' id='word_1_62' title='bbox 78 1303 152 1382; x_wconf 83' lang='lat' dir='ltr'><strong>gendi</strong></span> <span class='ocrx_word' id='word_1_63' title='bbox 172 1301 300 1363; x_wconf 88' lang='lat' dir='ltr'><strong>modum</strong></span> <span class='ocrx_word' id='word_1_64' title='bbox 321 1298 473 1382; x_wconf 77' lang='lat' dir='ltr'>admittis,</span> <span class='ocrx_word' id='word_1_65' title='bbox 495 1298 697 1379; x_wconf 86' lang='lat' dir='ltr'><strong>proverbium</strong></span> <span class='ocrx_word' id='word_1_66' title='bbox 721 1298 761 1360; x_wconf 88' lang='lat' dir='ltr'><strong>de</strong></span> <span class='ocrx_word' id='word_1_67' title='bbox 782 1299 853 1362; x_wconf 85' lang='lat' dir='ltr'><strong>viro</strong></span> <span class='ocrx_word' id='word_1_68' title='bbox 869 1298 1079 1362; x_wconf 85' lang='lat' dir='ltr'><strong>adhibendum</strong></span> <span class='ocrx_word' id='word_1_69' title='bbox 1089 1308 1153 1382; x_wconf 86' lang='lat' dir='ltr'><strong>cst,</strong></span> 
     </span>
     <span class='ocr_line' id='line_1_10' title="bbox 77 1405 1153 1488; baseline 0 -20"><span class='ocrx_word' id='word_1_70' title='bbox 77 1409 115 1488; x_wconf 87' lang='lat' dir='ltr'><strong>qui</strong></span> <span class='ocrx_word' id='word_1_71' title='bbox 132 1409 168 1470; x_wconf 90' lang='lat' dir='ltr'><strong>ab</strong></span> <span class='ocrx_word' id='word_1_72' title='bbox 188 1409 250 1470; x_wconf 87' lang='lat' dir='ltr'><strong>alic</strong></span> <span class='ocrx_word' id='word_1_73' title='bbox 273 1415 341 1469; x_wconf 84' lang='lat' dir='ltr'><strong>orta</strong></span> <span class='ocrx_word' id='word_1_74' title='bbox 368 1405 451 1467; x_wconf 86' lang='lat' dir='ltr'><strong>mala</strong></span> <span class='ocrx_word' id='word_1_75' title='bbox 477 1423 535 1466; x_wconf 88' lang='lat' dir='ltr'><strong>sua</strong></span> <span class='ocrx_word' id='word_1_76' title='bbox 563 1405 685 1468; x_wconf 83' lang='lat' dir='ltr'><strong>virtute</strong></span> <span class='ocrx_word' id='word_1_77' title='bbox 714 1413 847 1486; x_wconf 84' lang='lat' dir='ltr'><strong>reparat.</strong></span> <span class='ocrx_word' id='word_1_78' title='bbox 891 1405 985 1469; x_wconf 83' lang='lat' dir='ltr'><strong>Geni.</strong></span> <span class='ocrx_word' id='word_1_79' title='bbox 1012 1407 1153 1471; x_wconf 80' lang='lat' dir='ltr'><strong>Meidan.</strong></span> 
     </span>
     <span class='ocr_line' id='line_1_11' title="bbox 79 1511 681 1593; baseline -0.007 -17"><span class='ocrx_word' id='word_1_80' title='bbox 79 1515 268 1578; x_wconf 82' lang='lat' dir='ltr'><strong>Samaclisch.</strong></span> <span class='ocrx_word' id='word_1_81' title='bbox 292 1511 412 1575; x_wconf 76' lang='lat' dir='ltr'><strong>confer.</strong></span> <span class='ocrx_word' id='word_1_82' title='bbox 433 1511 568 1593; x_wconf 78' lang='lat' dir='ltr'><strong>append.</strong></span> <span class='ocrx_word' id='word_1_83' title='bbox 590 1530 681 1593; x_wconf 86' lang='lat' dir='ltr'>prov.</span> 
     </span>
    </p>
   </div>
   <div class='ocr_carea' id='block_1_5' title="bbox 304 1673 893 1846">
    <p class='ocr_par' dir='ltr' id='par_1_5' title="bbox 304 1663 893 1879">
     <span class='ocr_line' id='line_1_12' title="bbox 304 1673 893 1846; baseline 0.024 -16"><span class='ocrx_word' id='word_1_84' title='bbox 304 1673 893 1846; x_wconf 39' lang='lat' dir='ltr'><strong>consummissi</strong></span> 
     </span>
    </p>
   </div>
   <div class='ocr_carea' id='block_1_6' title="bbox 77 1947 948 2051">
    <p class='ocr_par' dir='ltr' id='par_1_6' title="bbox 77 1947 948 2051">
     <span class='ocr_line' id='line_1_13' title="bbox 77 1947 948 2051; baseline 0.005 -32"><span class='ocrx_word' id='word_1_85' title='bbox 77 1951 120 2022; x_wconf 86' lang='lat' dir='ltr'><strong>tu.</strong></span> <span class='ocrx_word' id='word_1_86' title='bbox 168 1947 277 2022; x_wconf 84' lang='lat' dir='ltr'><strong>Dedit</strong></span> <span class='ocrx_word' id='word_1_87' title='bbox 303 1953 475 2048; x_wconf 79' lang='lat' dir='ltr'><strong>exiguam</strong></span> <span class='ocrx_word' id='word_1_88' title='bbox 502 1951 752 2051; x_wconf 83' lang='lat' dir='ltr'><strong>quantitatem</strong></span> <span class='ocrx_word' id='word_1_89' title='bbox 779 1977 799 2020; x_wconf 87' lang='lat' dir='ltr'><strong>e</strong></span> <span class='ocrx_word' id='word_1_90' title='bbox 827 1953 948 2051; x_wconf 83' lang='lat' dir='ltr'><strong>copia.</strong></span> 
     </span>
    </p>
   </div>
   <div class='ocr_carea' id='block_1_7' title="bbox 142 2083 1281 2172">
    <p class='ocr_par' dir='ltr' id='par_1_7' title="bbox 142 2083 1281 2172">
     <span class='ocr_line' id='line_1_14' title="bbox 142 2083 1281 2172; baseline 0.001 -26"><span class='ocrx_word' id='word_1_91' title='bbox 142 2085 281 2166; x_wconf 86' lang='lat' dir='ltr'><strong>Utraque</strong></span> <span class='ocrx_word' id='word_1_92' title='bbox 322 2103 389 2146; x_wconf 83' lang='lat' dir='ltr'><strong>vox</strong></span> <span class='ocrx_word' id='word_1_93' title='bbox 418 2099 507 2172; x_wconf 61' lang='lat' dir='ltr'><strong>oms:</strong></span> <span class='ocrx_word' id='word_1_94' title='bbox 527 2094 561 2146; x_wconf 86' lang='lat' dir='ltr'><strong>et</strong></span> <span class='ocrx_word' id='word_1_95' title='bbox 581 2095 661 2172; x_wconf 70' lang='lat' dir='ltr'><strong>U⁰c⁵</strong></span> <span class='ocrx_word' id='word_1_96' title='bbox 690 2083 731 2144; x_wconf 92' lang='lat' dir='ltr'><strong>de</strong></span> <span class='ocrx_word' id='word_1_97' title='bbox 759 2101 861 2164; x_wconf 86' lang='lat' dir='ltr'><strong>pauca</strong></span> <span class='ocrx_word' id='word_1_98' title='bbox 890 2091 923 2146; x_wconf 89' lang='lat' dir='ltr'><strong>ct</strong></span> <span class='ocrx_word' id='word_1_99' title='bbox 950 2085 1049 2147; x_wconf 88' lang='lat' dir='ltr'><strong>multa</strong></span> <span class='ocrx_word' id='word_1_100' title='bbox 1074 2101 1158 2167; x_wconf 81' lang='lat' dir='ltr'><strong>aqua</strong></span> <span class='ocrx_word' id='word_1_101' title='bbox 1277 2087 1281 2096; x_wconf 92' lang='lat'>&#39;</span> 
     </span>
    </p>
   </div>
   <div class='ocr_carea' id='block_1_8' title="bbox 79 2205 1155 2290">
    <p class='ocr_par' dir='ltr' id='par_1_8' title="bbox 79 2205 1155 2290">
     <span class='ocr_line' id='line_1_15' title="bbox 79 2205 1155 2290; baseline 0.003 -22"><span class='ocrx_word' id='word_1_102' title='bbox 79 2215 232 2287; x_wconf 68' lang='lat' dir='ltr'><strong>sumaim.</strong></span> <span class='ocrx_word' id='word_1_103' title='bbox 263 2206 301 2268; x_wconf 92' lang='lat' dir='ltr'><strong>ld</strong></span> <span class='ocrx_word' id='word_1_104' title='bbox 323 2218 390 2269; x_wconf 86' lang='lat' dir='ltr'><strong>est:</strong></span> <span class='ocrx_word' id='word_1_105' title='bbox 412 2209 556 2268; x_wconf 88' lang='lat' dir='ltr'><strong>Paucum</strong></span> <span class='ocrx_word' id='word_1_106' title='bbox 578 2205 678 2285; x_wconf 85' lang='lat' dir='ltr'><strong>dedit,</strong></span> <span class='ocrx_word' id='word_1_107' title='bbox 700 2225 793 2287; x_wconf 91' lang='lat' dir='ltr'><strong>quum</strong></span> <span class='ocrx_word' id='word_1_108' title='bbox 816 2207 945 2269; x_wconf 88' lang='lat' dir='ltr'><strong>multum</strong></span> <span class='ocrx_word' id='word_1_109' title='bbox 965 2208 1155 2290; x_wconf 62' lang='lat' dir='ltr'><strong>possideret,</strong></span> 
     </span>
    </p>
   </div>
   <div class='ocr_carea' id='block_1_9' title="bbox 80 2313 1157 2506">
    <p class='ocr_par' dir='ltr' id='par_1_9' title="bbox 80 2313 1157 2506">
     <span class='ocr_line' id='line_1_16' title="bbox 81 2313 1157 2398; baseline 0.007 -28"><span class='ocrx_word' id='word_1_110' title='bbox 81 2313 104 2372; x_wconf 89' lang='lat' dir='ltr'><strong>ln</strong></span> <span class='ocrx_word' id='word_1_111' title='bbox 122 2334 188 2377; x_wconf 86' lang='lat' dir='ltr'><strong>eum</strong></span> <span class='ocrx_word' id='word_1_112' title='bbox 208 2315 334 2398; x_wconf 82' lang='lat' dir='ltr'><strong>dicitur,</strong></span> <span class='ocrx_word' id='word_1_113' title='bbox 355 2315 421 2398; x_wconf 89' lang='lat' dir='ltr'><strong>qui,</strong></span> <span class='ocrx_word' id='word_1_114' title='bbox 445 2331 637 2396; x_wconf 86' lang='lat' dir='ltr'><strong>quamquam</strong></span> <span class='ocrx_word' id='word_1_115' title='bbox 652 2315 767 2396; x_wconf 83' lang='lat' dir='ltr'><strong>opibus</strong></span> <span class='ocrx_word' id='word_1_116' title='bbox 785 2314 936 2396; x_wconf 73' lang='lat' dir='ltr'><strong>abludat,</strong></span> <span class='ocrx_word' id='word_1_117' title='bbox 959 2325 1157 2398; x_wconf 62' lang='lat' dir='ltr'><strong>tamcnmr·</strong></span> 
     </span>
     <span class='ocr_line' id='line_1_17' title="bbox 80 2420 923 2506; baseline 0.008 -29"><span class='ocrx_word' id='word_1_118' title='bbox 80 2437 111 2480; x_wconf 77' lang='lat' dir='ltr'><strong>va</strong></span> <span class='ocrx_word' id='word_1_119' title='bbox 127 2421 204 2484; x_wconf 80' lang='lat' dir='ltr'><strong>tom</strong></span> <span class='ocrx_word' id='word_1_120' title='bbox 224 2421 288 2484; x_wconf 75' lang='lat' dir='ltr'><strong>dat</strong></span> <span class='ocrx_word' id='word_1_121' title='bbox 331 2422 425 2485; x_wconf 80' lang='lat' dir='ltr'><strong>Cous.</strong></span> <span class='ocrx_word' id='word_1_122' title='bbox 446 2421 540 2484; x_wconf 87' lang='lat' dir='ltr'><strong>Kam.</strong></span> <span class='ocrx_word' id='word_1_123' title='bbox 563 2420 615 2502; x_wconf 86' lang='lat' dir='ltr'><strong>uj.</strong></span> <span class='ocrx_word' id='word_1_124' title='bbox 638 2429 672 2482; x_wconf 87' lang='lat' dir='ltr'><strong>et</strong></span> <span class='ocrx_word' id='word_1_125' title='bbox 695 2420 733 2482; x_wconf 84' lang='lat' dir='ltr'><strong>C.</strong></span> <span class='ocrx_word' id='word_1_126' title='bbox 755 2422 847 2506; x_wconf 81' lang='lat' dir='ltr'><strong>xlx,</strong></span> <span class='ocrx_word' id='word_1_127' title='bbox 873 2421 923 2484; x_wconf 83' lang='lat'><strong>16.</strong></span> 
     </span>
    </p>
   </div>
   <div class='ocr_carea' id='block_1_10' title="bbox 348 2553 872 2758">
    <p class='ocr_par' dir='ltr' id='par_1_10' title="bbox 348 2553 872 2758">
     <span class='ocr_line' id='line_1_18' title="bbox 410 2553 715 2590; baseline 0.003 -1"><span class='ocrx_word' id='word_1_128' title='bbox 410 2553 450 2583; x_wconf 68' lang='grc' dir='ltr'><strong>Μ’</strong></span> <span class='ocrx_word' id='word_1_129' title='bbox 699 2575 715 2590; x_wconf 57' lang='lat'><em>⁶</em></span> 
     </span>
     <span class='ocr_line' id='line_1_19' title="bbox 348 2584 872 2758; baseline 0.008 -23"><span class='ocrx_word' id='word_1_130' title='bbox 348 2584 872 2758; x_wconf 52' lang='lat' dir='ltr'><strong>sllmwmu</strong></span> 
     </span>
    </p>
   </div>
   <div class='ocr_carea' id='block_1_11' title="bbox 79 2847 1162 3170">
    <p class='ocr_par' dir='ltr' id='par_1_11' title="bbox 79 2847 1162 3188">
     <span class='ocr_line' id='line_1_20' title="bbox 79 2847 1159 2944; baseline 0.005 -29"><span class='ocrx_word' id='word_1_131' title='bbox 79 2847 126 2917; x_wconf 80' lang='lat'><strong>61.</strong></span> <span class='ocrx_word' id='word_1_132' title='bbox 173 2850 291 2921; x_wconf 79' lang='lat' dir='ltr'><strong>Urina</strong></span> <span class='ocrx_word' id='word_1_133' title='bbox 324 2852 403 2922; x_wconf 86' lang='lat' dir='ltr'><strong>eius</strong></span> <span class='ocrx_word' id='word_1_134' title='bbox 440 2847 622 2944; x_wconf 87' lang='lat' dir='ltr'><strong>(cameli)</strong></span> <span class='ocrx_word' id='word_1_135' title='bbox 650 2851 686 2922; x_wconf 88' lang='lat' dir='ltr'><strong>in</strong></span> <span class='ocrx_word' id='word_1_136' title='bbox 714 2849 791 2924; x_wconf 88' lang='lat' dir='ltr'><strong>sole</strong></span> <span class='ocrx_word' id='word_1_137' title='bbox 830 2851 968 2938; x_wconf 80' lang='lat' dir='ltr'><strong>siccata</strong></span> <span class='ocrx_word' id='word_1_138' title='bbox 998 2847 1159 2922; x_wconf 81' lang='lat' dir='ltr'><strong>scabiem</strong></span> 
     </span>
     <span class='ocr_line' id='line_1_21' title="bbox 167 2973 504 3046; baseline -0.006 0"><span class='ocrx_word' id='word_1_139' title='bbox 167 2973 340 3046; x_wconf 82' lang='lat' dir='ltr'><strong>medicat.</strong></span> <span class='ocrx_word' id='word_1_140' title='bbox 502 2973 504 2976; x_wconf 70' lang='grc'><strong>’</strong></span> 
     </span>
     <span class='ocr_line' id='line_1_22' title="bbox 147 3105 1162 3170; baseline 0.002 -4"><span class='ocrx_word' id='word_1_141' title='bbox 147 3105 347 3168; x_wconf 82' lang='lat' dir='ltr'><strong>Vocabulum</strong></span> <span class='ocrx_word' id='word_1_142' title='bbox 368 3121 443 3170; x_wconf 63' lang='lat' dir='ltr'><strong>m</strong></span> <span class='ocrx_word' id='word_1_143' title='bbox 474 3105 630 3166; x_wconf 89' lang='lat' dir='ltr'><strong>urinam</strong></span> <span class='ocrx_word' id='word_1_144' title='bbox 665 3105 815 3168; x_wconf 83' lang='lat' dir='ltr'><strong>cameli</strong></span> <span class='ocrx_word' id='word_1_145' title='bbox 846 3107 883 3168; x_wconf 94' lang='lat' dir='ltr'><strong>in</strong></span> <span class='ocrx_word' id='word_1_146' title='bbox 911 3108 1001 3170; x_wconf 86' lang='lat' dir='ltr'><strong>sclc</strong></span> <span class='ocrx_word' id='word_1_147' title='bbox 1028 3108 1162 3170; x_wconf 87' lang='lat' dir='ltr'><strong>sicca-</strong></span> 
     </span>
    </p>
   </div>
   <div class='ocr_carea' id='block_1_12' title="bbox 79 3227 1162 3522">
    <p class='ocr_par' dir='ltr' id='par_1_12' title="bbox 79 3227 1162 3522">
     <span class='ocr_line' id='line_1_23' title="bbox 80 3227 1162 3310; baseline 0.007 -26"><span class='ocrx_word' id='word_1_148' title='bbox 80 3231 161 3310; x_wconf 81' lang='lat' dir='ltr'><strong>tam,</strong></span> <span class='ocrx_word' id='word_1_149' title='bbox 189 3229 472 3310; x_wconf 84' lang='lat' dir='ltr'><strong>quascabiem</strong></span> <span class='ocrx_word' id='word_1_150' title='bbox 509 3227 737 3310; x_wconf 76' lang='lat' dir='ltr'><strong>medicant,</strong></span> <span class='ocrx_word' id='word_1_151' title='bbox 779 3229 949 3310; x_wconf 82' lang='lat' dir='ltr'><strong>significat.</strong></span> <span class='ocrx_word' id='word_1_152' title='bbox 993 3231 1027 3291; x_wconf 93' lang='lat' dir='ltr'><strong>ln</strong></span> <span class='ocrx_word' id='word_1_153' title='bbox 1060 3231 1162 3292; x_wconf 83' lang='lat' dir='ltr'><strong>virum</strong></span> 
     </span>
     <span class='ocr_line' id='line_1_24' title="bbox 79 3334 1161 3418; baseline 0.006 -26"><span class='ocrx_word' id='word_1_154' title='bbox 79 3335 271 3398; x_wconf 75' lang='lat' dir='ltr'><strong>excellentem</strong></span> <span class='ocrx_word' id='word_1_155' title='bbox 293 3336 419 3416; x_wconf 87' lang='lat' dir='ltr'><strong>dicitur,</strong></span> <span class='ocrx_word' id='word_1_156' title='bbox 441 3335 532 3396; x_wconf 89' lang='lat' dir='ltr'><strong>cuius</strong></span> <span class='ocrx_word' id='word_1_157' title='bbox 553 3335 685 3398; x_wconf 90' lang='lat' dir='ltr'><strong>consilio</strong></span> <span class='ocrx_word' id='word_1_158' title='bbox 707 3334 748 3396; x_wconf 84' lang='lat' dir='ltr'><strong>ad</strong></span> <span class='ocrx_word' id='word_1_159' title='bbox 777 3337 976 3398; x_wconf 79' lang='lat' dir='ltr'><strong>calamitates</strong></span> <span class='ocrx_word' id='word_1_160' title='bbox 998 3335 1161 3418; x_wconf 81' lang='lat' dir='ltr'><strong>depellen-</strong></span> 
     </span>
     <span class='ocr_line' id='line_1_25' title="bbox 84 3437 500 3522; baseline 0.005 -22"><span class='ocrx_word' id='word_1_161' title='bbox 84 3437 130 3500; x_wconf 75' lang='lat' dir='ltr'><strong>das</strong></span> <span class='ocrx_word' id='word_1_162' title='bbox 149 3452 281 3506; x_wconf 83' lang='lat' dir='ltr'><strong>utuntur.</strong></span> <span class='ocrx_word' id='word_1_163' title='bbox 324 3441 426 3506; x_wconf 76' lang='lat' dir='ltr'><strong>stetu.</strong></span> <span class='ocrx_word' id='word_1_164' title='bbox 447 3441 500 3522; x_wconf 79' lang='lat' dir='ltr'><strong>llj.</strong></span> 
     </span>
    </p>
   </div>
   <div class='ocr_carea' id='block_1_13' title="bbox 431 3609 814 3820">
    <p class='ocr_par' dir='ltr' id='par_1_13' title="bbox 431 3598 814 3820">
     <span class='ocr_line' id='line_1_26' title="bbox 431 3609 814 3820; baseline 0.005 -84"><span class='ocrx_word' id='word_1_165' title='bbox 431 3598 687 3820; x_wconf 47' lang='lat' dir='ltr'><strong>fflsQl}</strong></span> <span class='ocrx_word' id='word_1_166' title='bbox 757 3629 814 3738; x_wconf 73' lang='lat' dir='ltr'><strong>tt</strong></span> 
     </span>
    </p>
   </div>
   <div class='ocr_carea' id='block_1_14' title="bbox 80 3863 1017 3974">
    <p class='ocr_par' dir='ltr' id='par_1_14' title="bbox 80 3863 1017 3974">
     <span class='ocr_line' id='line_1_27' title="bbox 80 3863 1017 3974; baseline 0.01 -39"><span class='ocrx_word' id='word_1_167' title='bbox 80 3863 128 3938; x_wconf 71' lang='lat'><strong>62.</strong></span> <span class='ocrx_word' id='word_1_168' title='bbox 175 3871 378 3946; x_wconf 81' lang='lat' dir='ltr'><strong>Haesitavit</strong></span> <span class='ocrx_word' id='word_1_169' title='bbox 404 3875 442 3943; x_wconf 91' lang='lat' dir='ltr'><strong>in</strong></span> <span class='ocrx_word' id='word_1_170' title='bbox 467 3871 619 3973; x_wconf 81' lang='lat' dir='ltr'><strong>ligando</strong></span> <span class='ocrx_word' id='word_1_171' title='bbox 645 3870 798 3970; x_wconf 86' lang='lat' dir='ltr'><strong>cingulo</strong></span> <span class='ocrx_word' id='word_1_172' title='bbox 824 3871 1017 3974; x_wconf 72' lang='lat' dir='ltr'><strong>pectorali.</strong></span> 
     </span>
    </p>
   </div>
   <div class='ocr_carea' id='block_1_15' title="bbox 151 4017 1168 4106">
    <p class='ocr_par' dir='ltr' id='par_1_15' title="bbox 151 4017 1168 4106">
     <span class='ocr_line' id='line_1_28' title="bbox 151 4017 1168 4106; baseline 0.005 -25"><span class='ocrx_word' id='word_1_173' title='bbox 151 4017 348 4084; x_wconf 82' lang='lat' dir='ltr'><strong>Vocabulum</strong></span> <span class='ocrx_word' id='word_1_174' title='bbox 368 4026 466 4095; x_wconf 52' lang='lat' dir='ltr'><strong>&amp;lam</strong></span> <span class='ocrx_word' id='word_1_175' title='bbox 487 4025 655 4087; x_wconf 82' lang='lat' dir='ltr'><strong>antilcuam</strong></span> <span class='ocrx_word' id='word_1_176' title='bbox 676 4023 851 4106; x_wconf 79' lang='lat' dir='ltr'><strong>siguificat,</strong></span> <span class='ocrx_word' id='word_1_177' title='bbox 874 4042 959 4106; x_wconf 88' lang='lat' dir='ltr'><strong>quae</strong></span> <span class='ocrx_word' id='word_1_178' title='bbox 977 4025 1091 4086; x_wconf 79' lang='lat' dir='ltr'><strong>cameli</strong></span> <span class='ocrx_word' id='word_1_179' title='bbox 1106 4043 1168 4105; x_wconf 90' lang='lat' dir='ltr'><strong>pc-</strong></span> 
     </span>
    </p>
   </div>
   <div class='ocr_carea' id='block_1_16' title="bbox 84 4145 1173 4335">
    <p class='ocr_par' dir='ltr' id='par_1_16' title="bbox 84 4145 1173 4335">
     <span class='ocr_line' id='line_1_29' title="bbox 84 4145 1172 4228; baseline 0.009 -28"><span class='ocrx_word' id='word_1_180' title='bbox 84 4145 143 4201; x_wconf 79' lang='lat' dir='ltr'><strong>ttus</strong></span> <span class='ocrx_word' id='word_1_181' title='bbox 163 4162 260 4225; x_wconf 86' lang='lat' dir='ltr'><strong>prope</strong></span> <span class='ocrx_word' id='word_1_182' title='bbox 281 4145 428 4226; x_wconf 87' lang='lat' dir='ltr'><strong>iugulum</strong></span> <span class='ocrx_word' id='word_1_183' title='bbox 450 4145 569 4228; x_wconf 83' lang='lat' dir='ltr'><strong>cingit,</strong></span> <span class='ocrx_word' id='word_1_184' title='bbox 599 4165 640 4209; x_wconf 91' lang='lat' dir='ltr'><strong>nc</strong></span> <span class='ocrx_word' id='word_1_185' title='bbox 672 4146 751 4208; x_wconf 87' lang='lat' dir='ltr'><strong>sclla</strong></span> <span class='ocrx_word' id='word_1_186' title='bbox 773 4156 1023 4208; x_wconf 82' lang='lat' dir='ltr'><strong>commoveatur.</strong></span> <span class='ocrx_word' id='word_1_187' title='bbox 1066 4149 1172 4210; x_wconf 87' lang='lat' dir='ltr'><strong>Huius</strong></span> 
     </span>
     <span class='ocr_line' id='line_1_30' title="bbox 86 4251 1173 4335; baseline 0.014 -30"><span class='ocrx_word' id='word_1_188' title='bbox 86 4251 230 4322; x_wconf 71' lang='lat' dir='ltr'><strong>proverbii</strong></span> <span class='ocrx_word' id='word_1_189' title='bbox 256 4254 409 4335; x_wconf 83' lang='lat' dir='ltr'><strong>originem</strong></span> <span class='ocrx_word' id='word_1_190' title='bbox 432 4273 474 4316; x_wconf 85' lang='lat' dir='ltr'><strong>cx</strong></span> <span class='ocrx_word' id='word_1_191' title='bbox 499 4273 537 4315; x_wconf 87' lang='lat' dir='ltr'><strong>eo</strong></span> <span class='ocrx_word' id='word_1_192' title='bbox 560 4261 661 4316; x_wconf 85' lang='lat' dir='ltr'><strong>ortam</strong></span> <span class='ocrx_word' id='word_1_193' title='bbox 684 4271 759 4316; x_wconf 87' lang='lat' dir='ltr'><strong>csse</strong></span> <span class='ocrx_word' id='word_1_194' title='bbox 779 4262 920 4335; x_wconf 80' lang='lat' dir='ltr'><strong>canant,</strong></span> <span class='ocrx_word' id='word_1_195' title='bbox 942 4252 1025 4335; x_wconf 88' lang='lat' dir='ltr'><strong>quod</strong></span> <span class='ocrx_word' id='word_1_196' title='bbox 1046 4255 1097 4316; x_wconf 80' lang='lat' dir='ltr'><strong>vir</strong></span> <span class='ocrx_word' id='word_1_197' title='bbox 1119 4265 1173 4320; x_wconf 88' lang='lat' dir='ltr'><strong>at-</strong></span> 
     </span>
    </p>
   </div>
   <div class='ocr_carea' id='block_1_17' title="bbox 852 4423 873 4490">
    <p class='ocr_par' dir='ltr' id='par_1_17' title="bbox 852 4423 873 4490">
     <span class='ocr_line' id='line_1_31' title="bbox 852 4423 873 4490; baseline 0 0"><span class='ocrx_word' id='word_1_198' title='bbox 852 4423 873 4490; x_wconf 88' lang='grc'><strong>7</strong></span> 
     </span>
    </p>
   </div>
   <div class='ocr_carea' id='block_1_18' title="bbox 0 0 1467 5028">
    <p class='ocr_par' dir='ltr' id='par_1_18' title="bbox 0 0 1467 5028">
     <span class='ocr_line' id='line_1_32' title="bbox 0 0 1467 5028; baseline 0 0"><span class='ocrx_word' id='word_1_199' title='bbox 0 0 1467 5028; x_wconf 95' lang='lat' dir='ltr'><strong> </strong></span> 
     </span>
    </p>
   </div>
  </div>
 </body>
</html>
