2892 5022
96 413 524 498 spetiodimidiidieietooo
532 413 1204 504 Snbilodp’irromotoserotdspoeoitflt

96 533 334 607 persequentes
372 523 462 608 regis
488 522 601 604 eopiss
622 532 657 586 et
687 521 843 588 Sehditss
873 523 983 606 pogod
1022 523 1203 588 retinerent.
1291 613 1297 620 ι

96 630 320 714 Pugneoetm,
356 629 460 694 donee
480 629 620 694 feminee
645 629 851 694 Airbsitsrnm
879 630 993 694 itinere
1013 630 1110 714 longo
1129 630 1204 698 ebi-
1323 695 1325 702 Α

95 737 210 801 issem.
253 737 312 800 Sio
329 757 350 800 e
369 735 513 817 perienio
534 735 658 800 libenti
685 735 727 800 ed
756 745 885 820 gentem
913 737 1203 802 suumnmtom

95 853 323 928 pervenerunt
366 842 608 912 Contenderdnt
626 852 746 926 summ,
766 845 918 910 litiieom
930 845 1101 910 ben-Beor
1119 843 1202 911 ben·

95 949 188 1014 Sshd
210 961 244 1014 et
264 951 413 1014 Abbsnm
437 949 519 1014 dnos
539 967 619 1014 esse
639 953 760 1022 i'retres¹
778 971 822 1016 ex
842 951 955 1016 eodem
971 961 1074 1032 metro
1094 959 1200 1017 notos.

96 1053 191 1120 Gens
211 1067 319 1119 entem
340 1055 637 1140 nmo-ohannen,
660 1075 742 1138 quse
761 1066 859 1122 entes
880 1077 978 1141 qoem
999 1068 1198 1142 oongregstn

96 1170 177 1244 ent,
200 1182 222 1225 e
242 1169 342 1244 gente
357 1161 481 1224 Tsmim
501 1179 632 1244 semper
651 1160 873 1246 eddigebstor,
895 1181 969 1227 oum
979 1162 1126 1231 Ahbsit'm
1145 1165 1198 1228 in-

97 1267 279 1332 enrsionem
314 1268 345 1330 io
392 1269 556 1350 regionem
593 1269 701 1352 gentis
747 1270 868 1332 Benn-
887 1271 1067 1336 Hentseish
1109 1270 1198 1336 feeit.

98 1371 282 1456 lndeqonm
290 1373 1199 1458 virgentisAidtsfeminemsdgentemBsnn-Hentseish
1255 1373 1265 1386 '

98 1479 307 1560 pertinentem
318 1499 430 1544 seeum
444 1481 630 1560 sbdnoeret,
640 1483 691 1545 vir
705 1481 831 1566 quidem
847 1482 1199 1566 egenteDhebbomii-

99 1587 1199 1674 ismieminomsoliserdoresummopereedfliotsm,ntiingoemexo-

99 1704 180 1758 reret
192 1695 512 1778 videns,Abbsitem,
528 1704 643 1760 ntesm
654 1697 765 1760 leniter
772 1698 1081 1782 treometrogsvit
1101 1697 1198 1761 Ant-

99 1801 159 1864 sits
182 1811 293 1865 eutem
316 1802 517 1886 interrogans
537 1805 683 1886 sitorum,
710 1824 784 1866 num
805 1804 1024 1870 misericordie
1045 1804 1115 1870 oins
1135 1803 1199 1868 ed·

98 1905 201 1970 ieotns
213 1916 316 1990 esset,
333 1926 429 1992 qonm
450 1910 531 1972 slter
542 1903 682 1973 Certe!
697 1909 929 1994 respondisset,
940 1911 1103 1993 onspidem
1124 1913 1198 1975 lon-

98 2030 174 2076 oese
200 2015 234 2076 in
266 2014 339 2076 eius
369 2033 463 2079 snum
485 2013 613 2100 direxit,
649 2023 685 2080 nt
704 2016 818 2079 molier
838 2026 969 2100 gentem
989 2019 1197 2082 Bono-Hen-

100 2120 199 2182 tsoleh
226 2120 261 2182 in
279 2121 435 2183 suxilium
462 2130 608 2184 voosret
650 2121 812 2190 noeroit·
831 2131 939 2187 entem
964 2123 1048 2188 hono
1067 2123 1108 2188 ob
1128 2143 1197 2188 rem

101 2226 267 2290 Ahhsitsm
288 2226 415 2291 oooidit.
458 2226 552 2307 Quae
580 2245 635 2291 res
670 2229 702 2292 in
730 2245 831 2292 oense
862 2237 952 2313 eret,
981 2247 1039 2292 our
1065 2239 1099 2294 et
1125 2225 1198 2294 inde

100 2332 217 2396 obirent
243 2335 276 2396 in
304 2335 432 2415 syriam
462 2334 646 2417 profecturi.
688 2335 756 2401 Sed
785 2353 806 2400 e
831 2344 931 2418 gente
960 2339 1198 2404 Boou-Ahmir

100 2440 212 2522 legetis
232 2441 342 2504 missis
370 2441 419 2506 od'
434 2440 549 2506 foedus
571 2459 644 2506 oum
664 2443 743 2525 ipsis
764 2442 946 2508 iootendnm
972 2445 1196 2512 invitabantur.

100 2546 225 2612 Foedus
260 2549 356 2631 igitur
385 2567 458 2612 enm
488 2547 722 2630 uomwijjmo
753 2550 965 2615 ben-Sohool
998 2551 1198 2634 pepigerunt

101 2653 162 2716 Sed
180 2656 333 2719 versibus
361 2656 512 2737 satyricis
531 2655 768 2720 nond-Attum
788 2655 1054 2720 bon-Hemmem
1080 2663 1198 2736 poetro

101 2763 201 2844 gentis
244 2763 477 2827 Boou-Ahhd
497 2763 626 2828 -Aiislr
667 2764 729 2828 ben
743 2761 971 2844 -Ghethieo‚
1019 2764 1197 2831 amodum

101 2867 175 2931 dios
216 2868 442 2952 Ainebegioehi
477 2869 688 2952 Dsobjsnitse
720 2871 872 2936 commoti
913 2859 966 2934 et⁴
987 2871 1062 2936 inde
1100 2871 1196 2935 obie-

102 2985 166 3040 mot
194 2987 229 3040 et
254 2977 295 3042 ed
322 2986 453 3060 gentem
473 2978 734 3060 Bene-Irjshier
753 2979 938 3045 ben-Cilsb
965 2989 1195 3062 pervenerunt,

103 3081 179 3148 Com
198 3085 251 3148 his
273 3083 434 3167 degebant
454 3102 558 3167 usqne
579 3084 622 3148 ed
642 3083 727 3150 diem
754 3103 882 3168 pugneo
909 3086 1021 3150 elnon
1037 3084 1196 3168 Aidjebe-

103 3188 148 3251 leh
166 3190 357 3272 eppoitstse.
399 3190 511 3254 Conse
537 3191 749 3273 soporationis
778 3191 860 3254 heeo
879 3199 965 3256 eret:
986 3193 1046 3258 Vir
1066 3193 1195 3276 quidem

102 3311 119 3356 e
137 3307 230 3380 gente
253 3299 457 3362 Bono-Atros
479 3298 643 3362 oooideret
663 3297 956 3383 libo-Aidjenonm,
982 3319 1077 3382 quem
1098 3301 1195 3366 Anh-

104 3398 148 3462 ins
173 3403 428 3467 ben-Aiohwon
463 3405 610 3468 libertate
646 3403 831 3469 donsveret.
872 3407 968 3470 Heno
994 3407 1034 3470 ob
1061 3407 1195 3472 eaedem

104 3505 191 3572 iratus
212 3508 344 3572 Auhius
365 3519 495 3594 gentem
516 3509 776 3595 Bono-Djnhior,
796 3519 834 3574 nt
853 3511 1011 3577 Ahbsitss
1032 3513 1196 3595 opprime-

105 3622 155 3696 ret,
174 3616 335 3679 inoitebst.
368 3615 464 3696 Quod
484 3617 650 3686 audientes
669 3619 828 3684 Ahbsitse
849 3637 921 3684 oum
942 3619 1089 3686 Rebinho
1110 3611 1218 3710 ben-'p

106 3715 196 3784 Korth
202 3742 265 3784 mro
275 3731 405 3807 egente
419 3724 701 3788 Boon-Abi-Beor
714 3725 889 3790 oen-cino
905 3725 1022 3790 ioedns
1035 3724 1193 3787 ieoorunt.

176 3830 333 3910 'l'ernpore
365 3838 489 3914 sutem,
518 3848 582 3915 qno
617 3831 776 3894 Ahbsitno
809 3831 895 3915 opud
926 3839 1056 3915 gentem
1083 3829 1196 3892 Benn-

110 3931 204 4000 Ahmir
214 3937 388 4025 degebsnt,
404 3937 616 4019 Dsobjenitee
636 3939 668 4002 in
688 3940 772 4004 illem
786 3949 916 4023 gentem
933 3939 984 4002 die
1006 3935 1194 4004 Sohohwoh

111 4038 227 4130 (ubst)
247 4047 409 4128 eppettsto
429 4045 559 4128 elinque
580 4045 631 4110 die
650 4046 864 4110 inonrsionem
878 4048 1031 4110 fenerent
1051 4045 1121 4106 Isto
1143 4041 1194 4106 die

111 4159 279 4231 'ttdmhur
307 4167 504 4234 ben-Sinon
525 4167 751 4256 Kirwosohnm
777 4167 993 4250 ben-flonejj
1031 4168 1193 4252 oeptivmn

115 4263 185 4331 ier'e
222 4275 466 4358 interrogetus,
498 4273 569 4358 quis
601 4283 708 4357 esset,
738 4290 779 4337 se
799 4275 959 4336 'rseomm
979 4273 1191 4340 oen-norim
