2892 5022
222 493 332 550 contra
354 437 747 566 'l'aghlebitos'proicctus
768 439 829 537 est.
858 475 895 536 In
916 470 971 534 via
993 443 1257 554 quadringentos,
1280 465 1328 530 ad

221 612 336 678 aquam
357 590 552 655 Athischr
564 587 755 670 appellatam
777 584 969 665 quingentos
987 579 1114 643 occidit
1134 575 1328 640 Atachttra-

221 710 272 771 lus
294 707 385 769 lartius
405 705 452 768 rei
477 706 593 767 certior
615 702 721 764 factus
740 700 963 780 imperatorem
988 694 1052 758 hoc
1077 711 1175 756 versu
1198 692 1333 754 aliocu-

223 825 277 878 tus
299 823 367 876 cst:

264 967 373 1088 ιιι
394 964 528 1098 mr
556 965 761 1119 oum
872 965 971 1102 aa
995 929 1107 1068 oei
1128 949 1193 1087 ro
1220 961 1287 1052 m

226 1197 319 1278 „lam
339 1193 381 1256 ad
401 1212 516 1276 aquarn
538 1186 687 1256 Albischr
706 1187 931 1273 Alhadjdjafus
950 1201 1081 1274 gentem
1105 1208 1210 1253 meam
1231 1189 1338 1252 ciadc

268 1302 398 1385 adiecit,
420 1302 460 1365 de
482 1321 545 1386 qua
565 1321 639 1365 cum
662 1303 731 1363 Deo
747 1300 942 1384 querendum
965 1301 1049 1363 etin
1070 1298 1243 1388 coiitiucia
1268 1319 1340 1382 po·

269 1408 372 1472 nenda
394 1407 483 1473 est.“
523 1411 664 1472 Mettum
687 1408 813 1470 'ihawil
836 1417 896 1471 est.
918 1429 948 1490 p.
972 1409 1041 1473 161.

311 1532 474 1616 Hadjdjaii
497 1543 603 1596 autem
625 1539 815 1616 sanguinem
844 1552 940 1615 quum
970 1533 1142 1616 imperator
1168 1531 1340 1596 devovis-

228 1649 290 1728 set,
313 1641 353 1704 ad
374 1643 595 1722 imperatorem
618 1637 778 1704 Graccum
799 1640 948 1724 confugit
960 1648 994 1702 et
1013 1638 1085 1701 inde
1104 1647 1179 1720 post
1200 1649 1339 1722 septem

226 1769 379 1811 annorum
400 1749 540 1829 spatium
550 1755 673 1808 mortuo
690 1746 950 1824 Abu-Almalico,
969 1765 1066 1829 quun
1089 1747 1129 1808 ab
1151 1747 1226 1809 eius
1245 1766 1339 1811 suc-

228 1875 360 1918 cessore
382 1853 540 1918 Atwatido
562 1851 902 1918 ben-Ahbd-Almalic
932 1853 1115 1918 securitatis
1135 1855 1341 1936 promissum

230 1961 424 2044 accepisset,
446 1957 546 2022 rediit.

448 2143 1106 2346 upffpffio

230 2431 290 2507 96.
342 2429 552 2507 Audaoiore
593 2395 935 2539 impetu⁸ieruens‚
973 2461 1087 2537 quam
1123 2431 1345 2512 Alhnritsus
1429 2529 1432 2532 ι

342 2556 415 2632 ben
428 2598 448 2617 -
462 2556 639 2636 Thsalim.

286 2736 495 2798 Proverbium
518 2755 557 2799 eo
579 2743 682 2798 ortum
705 2754 781 2799 esse
801 2734 921 2818 dicunt,
942 2735 1025 2818 quod
1047 2729 1226 2798 Chaiedum
1249 2736 1345 2799 ben-

232 2841 344 2922 Djasar
365 2843 565 2926 ben-Cilab‚
588 2846 640 2927 qui
662 2844 721 2906 sub
742 2845 842 2907 tutela
862 2837 1029 2908 Alas'wadi
1050 2842 1347 2930 bpanimondsir

231 2947 318 3030 regis
346 2959 452 3034 essct,
480 2951 600 3032 impetu
621 2951 709 3013 facto
738 2950 921 3013 occidisset.
963 2951 1059 3034 Regi,
1082 2951 1136 3032 qui
1157 2949 1346 3032 fugientem

231 3063 364 3143 assequi
384 3082 447 3126 non
467 3074 600 3147 posset,
636 3067 804 3130 consilium
826 3065 979 3129 dederant
992 3065 1215 3147 capiendarum
1238 3069 1347 3145 puel-

232 3171 333 3234 larum
354 3181 491 3258 egente
512 3173 619 3256 Batijj,
642 3175 744 3255 (quae
766 3191 841 3256 pape
851 3164 1111 3258 gentis‘tiodhah
1131 3176 1228 3252 crat),
1251 3190 1346 3254 quas

233 3295 357 3340 summo
379 3281 410 3343 in
432 3298 541 3342 amoro
562 3282 704 3343 haberet.
747 3282 822 3345 Rex
840 3281 1004 3344 consilinm
1027 3289 1160 3344 secutus
1180 3297 1239 3342 eos
1261 3299 1348 3346 cum

234 3386 365 3449 cometis
386 3386 527 3451 abduxit
569 3388 638 3453 Sed
660 3388 841 3454 Atheritsus
861 3389 909 3451 rei
929 3389 1045 3451 certior
1065 3389 1174 3450 factus
1202 3406 1224 3448 a
1254 3387 1350 3474 fuga

234 3490 326 3554 rediit
353 3501 387 3554 et
406 3495 525 3570 locum,
548 3494 601 3555 ubi
613 3506 834 3579 pascerentur,
853 3497 1022 3578 quaesivit.
1034 3497 1137 3559 Unam
1154 3501 1264 3557 autem
1279 3515 1348 3560 ca-

232 3600 348 3665 melam
369 3620 477 3664 aarum
498 3601 638 3666 Attaffah
659 3604 867 3687 appeliatum,
888 3602 983 3666 lactis
1004 3600 1230 3685 abundantem,
1253 3621 1349 3683 quac

232 3707 387 3774 oduobns
399 3711 479 3775 viris
492 3710 700 3794 mulgeretur,
713 3713 913 3793 conspiciens
922 3712 1000 3774 viris
1014 3709 1106 3773 dixit:
1125 3709 1290 3773 Recedite
1302 3714 1348 3776 ab

234 3826 335 3880 caet
361 3837 457 3900 quum
487 3816 529 3880 ad
556 3816 718 3882 sinistrum
749 3818 862 3881 cameli
888 3820 971 3880 tatus
999 3825 1091 3880 stans
1120 3816 1190 3879 eius
1218 3834 1350 3882 vocem

232 3941 370 3987 noscens
392 3927 546 4006 crepitum
554 3925 858 4007 ventrisemittorot,
881 3922 976 3989 dixit:
1003 3923 1094 4008 „tet
1128 3921 1225 4022 opidi
1251 3928 1349 3995 wi

224 4049 368 4113 ·nPo‹iex
395 4051 510 4112 stantis
535 4050 577 4114 ad
607 4051 769 4114 sinistrum
800 4050 942 4112 cameleo
971 4051 1055 4111 tatus
1077 4048 1183 4130 magis
1212 4063 1348 4128 gnarus

235 4153 323 4217 est.“
364 4159 431 4233 (Dc
459 4157 522 4220 hoc
547 4158 693 4240 proverb.
720 4158 785 4221 vid.
816 4159 855 4223 C.
883 4157 1056 4244 xt1,17.)
1096 4163 1130 4218 ct
1157 4156 1284 4236 puellas
1309 4167 1349 4220 et

235 4279 354 4342 pecora
387 4264 539 4328 liberavit.
584 4267 664 4329 'l'um
703 4268 930 4348 supeltectilem
967 4267 1067 4330 seitac
1106 4265 1233 4330 Senani
1254 4264 1348 4330 beu·
