2902 5036
73 779 140 854 55.
190 778 277 853 Duo
302 778 355 853 illi
381 756 516 856 similes
540 795 628 856 sunt
653 784 758 884 equis
784 780 933 859 dnobus
960 784 1179 859 certaminis.

161 898 255 960 Duos
280 899 428 964 hommes
453 901 626 986 significat,
657 903 711 984 qui
741 902 874 986 viribus,
893 912 928 966 ut
948 901 1095 983 videtur,
1117 918 1178 962 aa·

73 1005 193 1086 quales
231 1025 328 1068 unum
370 1007 571 1090 eundemque
610 1009 705 1073 finem
743 1011 874 1092 assequi
904 1009 1045 1073 student.
1085 1010 1179 1072 Haec

71 1120 187 1172 autem
207 1113 384 1193 aequalitas
403 1113 434 1176 in
454 1115 553 1195 initio,
573 1112 636 1178 nori
657 1117 688 1178 in
708 1116 755 1179 rei
776 1118 840 1180 tine
862 1117 1064 1199 conspicitur.
1090 1115 1176 1202 conf.

75 1216 175 1278 Kam.
197 1233 225 1280 s.
247 1231 319 1320 Ui?
868 1219 873 1228 '

74 1569 137 1642 56.
187 1567 217 1642 li
244 1584 286 1644 ut
312 1571 388 1648 dno
415 1576 545 1650 cameli
572 1602 693 1676 genua
719 1595 816 1651 eunt.

153 1684 243 1749 Dixit
260 1689 533 1777 Ebu-Alcalbius,
554 1693 719 1762 Harimum
741 1695 974 1758 beu-Kothbah
992 1693 1172 1757 Fesaritam

73 1791 243 1870 proverbio
264 1793 326 1862 isto
347 1798 378 1859 in
407 1798 642 1862 Ahlkamahum
666 1801 923 1864 ben-Olototsah
948 1809 980 1862 ot
1009 1800 1173 1861 Ahmirnm

71 1897 321 1985 ben-Alrhofoit,
344 1905 398 1986 qui
419 1904 459 1968 ad
480 1927 555 1969 eum
576 1905 617 1968 de
637 1907 740 1989 gloria
768 1909 941 1970 ethonore
965 1905 1175 1989 disceptaturi

71 1993 257 2087 venissent,
279 2027 371 2072 usum
394 2029 488 2093 csse,
511 2021 545 2074 ut
566 2011 775 2095 significaret,
797 2033 854 2077 oos
876 2015 981 2097 gloria
1002 2014 1174 2075 ethonore

71 2114 155 2177 inter
184 2133 222 2177 so
246 2117 396 2199 aequales
418 2135 510 2200 esse,
540 2119 656 2200 quippe
677 2137 775 2200 quum
797 2119 910 2182 cameli
931 2138 1039 2200 genua
1060 2117 1173 2180 eodem

71 2227 215 2302 tempore
236 2221 267 2282 in
289 2231 405 2284 terram
427 2221 584 2285 decidant.
628 2224 736 2302 Quum
767 2225 819 2287 isti
847 2225 909 2288 duo
930 2223 991 2286 viri
1012 2221 1172 2304 discepta-

70 2332 134 2392 turi
155 2329 197 2393 ad
218 2347 291 2390 cum
312 2347 452 2410 vespera
472 2332 650 2412 venissent,
683 2331 855 2412 quemlibet
876 2331 1011 2393 seorsim
1032 2333 1171 2412 interro-

69 2436 182 2518 gavit,
214 2455 371 2518 quaenam
397 2434 548 2499 veniendi
566 2455 667 2499 causa
690 2444 798 2522 esset,
829 2444 862 2498 et
885 2457 982 2519 quum
1004 2443 1172 2514 utrumque
1240 2517 1245 2526 ι

71 2550 106 2604 ut
126 2541 167 2604 de
189 2542 308 2606 honore
330 2562 403 2605 cum
431 2543 528 2606 socio.
555 2542 767 2629 disceptaret,
797 2545 929 2608 venisse
951 2543 1087 2623 audiret,
1109 2541 1172 2603 sibi

68 2649 229 2731 ingratum
252 2659 414 2713 certamen
443 2652 620 2714 evitaturus
650 2663 682 2715 et
710 2625 764 2715 uui
791 2661 824 2713 et
844 2651 936 2713 alteri
956 2648 1058 2729 dixit,
1079 2646 1170 2708 socio

69 2757 239 2820 victoriam
274 2757 516 2821 adiudicandam
555 2778 650 2840 esso,
686 2761 713 2820 si
749 2759 780 2818 in
821 2767 983 2820 certarnen
1017 2753 1173 2816 venisset.

69 2864 154 2927 cous.
177 2863 215 2926 C.
237 2863 297 2941 Vl,
320 2863 389 2927 172.
411 2864 503 2943 Quae
516 2873 623 2926 autem
638 2883 691 2926 res
704 2866 735 2925 in
749 2882 852 2926 causa
866 2872 944 2938 erat,
958 2879 1014 2922 cur
1035 2869 1067 2922 et
1086 2877 1171 2922 uuus

69 2981 102 3032 ot
122 2971 205 3032 alter
227 2989 248 3034 a
269 2971 443 3034 certamine
463 2971 646 3034 absisteret.
672 2969 777 3048 Quum
799 2989 877 3033 vero
898 2967 1171 3052 poetaAlahscha

68 3079 197 3161 utrique
217 3079 248 3140 in
269 3079 381 3140 itinero
402 3095 575 3141 occurrens
596 3075 638 3140 de
658 3077 779 3140 itineris
806 3094 907 3140 eausa
926 3077 1043 3143 certior
1063 3074 1171 3137 tactus

68 3193 175 3266 essct,
208 3184 339 3248 Ahmiro
367 3183 463 3247 dixit:
493 3182 578 3263 Quid
603 3183 679 3246 mihi
698 3181 782 3246 dono
803 3178 883 3263 das,
906 3183 935 3245 si
962 3179 1113 3256 effecero,
1133 3188 1170 3244 ut

67 3293 170 3374 glorio
196 3290 432 3356 Ahlkamahum
466 3285 612 3354 vitreas?
648 3288 800 3353 Ahmirus
822 3285 999 3368 respondit:
1030 3285 1168 3349 Centum

67 3398 210 3459 camelos
233 3397 287 3458 tibi
308 3389 366 3459 do!
389 3405 422 3457 at
442 3415 538 3479 quum
560 3394 725 3458 Aiahsoha
746 3395 993 3476 interrogasset,
1015 3409 1088 3456 num
1108 3393 1171 3475 ipsi

71 3497 698 3567 conqurotestntetaofuturusessert
716 3497 1036 3586 alterrespondit:0.
1061 3499 1170 3596 dffii

67 3615 165 3718 σιῷ,
201 3615 307 3687 Μ
331 3619 391 3700 Μ
424 3617 580 3678 ”Tutelae
611 3615 667 3682 tihi
696 3633 767 3678 sum
789 3621 902 3678 contro
929 3623 1059 3696 gentem
1087 3613 1173 3675 eceli
1275 3591 1283 3608 ⁸

67 3723 255 3813 terraeque!
277 3731 430 3801 Ahmirus
462 3732 690 3815 interrogatus,
715 3728 918 3811 quid‘verbis
939 3744 1043 3811 gens
1063 3727 1172 3788 coeli

68 3840 179 3916 vellet,
200 3836 380 3920 respondit:
404 3837 497 3916 Quod
512 3841 542 3900 si
555 3855 668 3900 unuse
683 3835 816 3899 fitiorum
830 3842 884 3896 aut
895 3852 1027 3896 uxorum
1038 3849 1171 3893 numero

68 3959 213 4009 mortuus
241 3946 354 4028 suerit,
383 3947 493 4008 mortis
526 3946 659 4026 pretium
694 3942 777 4004 daho
804 3951 837 4004 et
863 3942 891 4006 si
912 3943 1083 4024 iumentum
1115 3937 1173 4002 tibi

68 4054 208 4132 perierit,
220 4051 291 4116 loco
314 4053 385 4114 eius
408 4050 539 4116 alterum
561 4051 644 4112 dono
660 4049 715 4112 tibi
731 4047 825 4114 dabo.
846 4047 939 4128 Quod
957 4065 1054 4129 quum
1065 4045 1170 4108 Aich-

68 4159 149 4222 soha
176 4169 303 4242 gratum
335 4160 485 4237 haberet,
515 4157 682 4221 Ahmirum
713 4155 855 4221 laudavit
882 4154 1169 4250 et'Ahlkamalrum

72 4277 184 4349 satyra
206 4269 390 4352 perstrinxit
412 4265 541 4330 diceres:
