2892 5022
662 317 891 382 ..εω-

238 811 299 885 56.
349 809 412 884 Me
436 803 597 882 occidite
623 817 659 876 et
685 799 881 878 Melicum!

273 999 277 1010 ·
317 975 429 1039 Verba
450 975 532 1038 haec
553 969 806 1036 Ahbd-Altahus
828 966 1059 1030 beu-Ataubair
1080 962 1202 1026 dixiaac
1225 963 1337 1026 fertur.

234 1083 387 1148 Manibus
416 1083 499 1146 colle
527 1077 651 1142 inient·
683 1095 780 1158 quum
807 1072 1073 1137 Anat-Attanae
1102 1072 1164 1134 beu
1186 1067 1343 1130 Aianbeir

235 1204 308 1250 cunr
320 1188 512 1252 Alaachtaru
527 1184 689 1263 Athauaii,
709 1183 760 1244 cui
779 1181 918 1244 Malicue
940 1196 1055 1241 nornen
1072 1183 1154 1258 eret,
1177 1182 1343 1256 pugnaret

234 1302 269 1356 et
290 1301 426 1376 uterque
457 1293 488 1354 in
510 1302 625 1354 terrem
646 1286 841 1371 provideret,
863 1281 1114 1348 Ahbd-Aliahus
1135 1281 1207 1344 istis
1230 1279 1345 1342 verbis

234 1419 312 1465 suae
347 1399 530 1463 advocavit„
580 1398 631 1460 Dc
657 1416 698 1458 eo
729 1393 895 1458 adhibetur
922 1390 1143 1472 proverbium,
1170 1389 1226 1470 qui
1254 1390 1345 1451 urnni

112 1521 117 1530 '
235 1505 343 1588 modu,
364 1507 425 1568 esti
445 1506 516 1586 ipae
538 1521 622 1566 noxe
644 1500 822 1577 adiicietur,
844 1499 934 1562 alteri
956 1515 1074 1559 nocere
1095 1496 1174 1558 vuit.

409 1662 1036 1847 insevit„
1106 1737 1152 1796 n

235 1967 296 2036 57.
344 1960 433 2034 Fuit
456 1958 551 2035 iliud
579 1983 651 2032 una
678 1962 778 2051 uice3
804 1953 871 2031 aed
896 1953 1007 2029 hodie
1035 1979 1108 2027 non
1137 1953 1236 2048 (est).

234 2123 347 2186 Verba
367 2124 449 2188 haee
468 2124 637 2187 It'athimaa
658 2123 742 2186 fliiae
761 2122 873 2203 Morri,
895 2123 1030 2184 serninae
1053 2117 1347 2199 Chotsahmiticao,

235 2229 420 2292 tribuuntur.
462 2229 584 2292 Eurum
606 2245 741 2291 causam
761 2228 811 2289 sic
831 2207 974 2290 narrant:
997 2224 1346 2287 Ahbd·Aimcthalie-

234 2335 294 2397 bna
316 2351 388 2398 curn
421 2336 485 2398 iilic
514 2355 575 2399 suc
602 2333 852 2416 Ahbd-Allaho,
875 2341 911 2395 ut
937 2313 1106 2395 eumcum
1138 2332 1256 2394 Amica
1276 2331 1348 2395 iilic

235 2442 380 2512 Wahabi
404 2441 750 2506 ben-nhnd-ttanef
779 2439 1003 2504 ben-Schrah
1025 2437 1201 2501 beu-Cilab
1224 2441 1345 2501 metri-

236 2549 341 2610 mcnio
372 2549 536 2630 iungeret,
571 2548 757 2611 advenerat.
799 2547 1053 2610 Ahbd-Aiiehus
1081 2545 1123 2607 ad
1144 2545 1343 2630 l't'atirimam,

234 2655 374 2716 Meccae
401 2654 584 2738 degentem,
608 2672 690 2735 quae
710 2652 858 2717 librarum
879 2652 984 2716 studio
1009 2670 1048 2713 eo
1069 2654 1282 2736 pervenisset,
1308 2664 1348 2716 ut

233 2760 265 2821 in
276 2759 403 2822 iuvenis
417 2759 502 2822 iucie
518 2759 694 2842 prophetici
708 2760 849 2822 muneris
870 2758 984 2822 iudicia
1005 2765 1229 2838 cognosceret,
1245 2768 1342 2823 trau·

234 2865 298 2927 aiit.
340 2866 488 2948 Fathipre
516 2867 611 2928 istius
639 2865 769 2928 honoria
800 2864 915 2946 cupida
948 2864 989 2926 ab
1018 2882 1058 2924 cu
1087 2865 1281 2944 postulavit,
1306 2878 1348 2932 ut

235 2976 366 3032 centum
387 2973 579 3033 camelorum
601 2974 703 3052 pretio
724 2972 800 3035 datu
822 2991 887 3034 rem
911 2989 984 3035 cum
1005 2971 1076 3053 ipae
1097 2973 1238 3037 haberet.
1282 2976 1346 3036 lu-

234 3081 329 3140 veuie
350 3085 456 3141 auteur
477 3098 543 3141 rem
565 3080 673 3143 iacere
695 3099 848 3143 recusans
877 3081 970 3162 abiit,
992 3090 1025 3145 at
1046 3092 1121 3163 post
1141 3083 1346 3146 matrimonio

235 3199 310 3246 curn
346 3185 462 3248 Aruina
500 3185 576 3248 initu
613 3187 760 3270 cupidine
797 3189 989 3262 camelorum
1031 3197 1210 3251 commotus
1239 3189 1347 3253 rediit.

235 3291 316 3353 'rum
337 3293 391 3355 iiia
416 3312 483 3355 rem
504 3295 614 3356 notens
635 3294 698 3358 iste
720 3294 818 3357 verbe
849 3294 947 3379 dixit,
977 3314 1061 3377 quae
1087 3297 1117 3358 in
1146 3297 1349 3378 poenitentia

236 3398 377 3461 criminis
398 3401 557 3480 proverbii
580 3401 657 3466 ,lucc
687 3400 888 3465 adhibentur.

109 3945 115 3952 Ι
235 3855 294 3926 58.
347 3849 476 3924 Brevia
501 3873 573 3952 pro
601 3849 723 3950 ionga.

315 4019 616 4114 Abu-Aiahrabius
638 4020 732 4107 dixit,
761 4024 893 4086 brevem
935 4022 1118 4107 dactylum,
1140 4024 1271 4108 iungam
1294 4024 1348 4086 ai-

232 4127 389 4210 gniflcare
406 4129 564 4209 palmam„
594 4125 630 4190 in
651 4128 866 4194 abbreviando
878 4148 1035 4196 ecrmcne
1056 4129 1258 4212 proverbium
1279 4131 1349 4196 ed·

234 4234 371 4297 hibetur.
738 4229 741 4236 ’
