2902 5036
239 505 359 568 rentur.
401 495 636 561 Ainobursnunr
666 499 797 573 autern,
840 498 875 553 ut
903 489 1121 591 signiticaret,
1158 487 1366 551 Alberitsurn

241 602 409 668 Choiidum
431 599 629 684 bon-Djefer
649 599 833 679 ben-citat»,
855 597 908 682 qni
927 598 1054 660 vicinus
1079 593 1251 659 Alnswadi
1271 595 1370 654 ben·

240 707 426 775 Almondsir
439 719 541 791 esset,
552 707 722 782 occidisse,
734 705 856 766 dixisse
863 704 978 784 :expet
991 737 1035 788 0·
1047 715 1120 804 σω,
1149 704 1274 769 baffi
1304 700 1365 766 ast

165 857 167 865 v
253 828 385 911 ,Nonne
405 835 440 890 tu
469 825 546 889 corii
568 826 614 890 tui
643 831 767 907 portem
799 831 923 903 ruptum
952 823 1084 885 firmiter
1114 819 1249 904 iigesi“
1300 824 1371 884 At-

239 895 396 997 iruritsum
435 942 542 994 cutem
586 929 812 1014 respondisse:
857 935 956 1029 &m
989 931 1024 1010 gi
1049 911 1132 1012 Q
1156 941 1283 1026 wrm
1311 935 1368 1014 μ

242 1033 357 1131 „Num
375 1063 477 1128 equos
498 1043 539 1107 sd
555 1053 717 1107 certamen
729 1043 922 1124 prodeuntes
938 1043 979 1107 sd
1001 1063 1052 1106 me
1074 1044 1210 1106 veniens
1233 1047 1370 1107 transi-

240 1149 333 1218 bist«
350 1152 463 1237 quibus
472 1153 591 1236 verbis,
608 1153 737 1234 quaein
753 1151 912 1233 proverbii
926 1149 1187 1218 consuetudinem
1195 1155 1369 1238 venerint,

241 1259 450 1343 signiticaret,
472 1277 557 1341 eum,
579 1257 608 1320 si
629 1259 736 1339 ipsum
758 1258 924 1341 perderet,
946 1259 1062 1320 nulium
1083 1257 1143 1321 nisi
1164 1259 1271 1340 ipsnrn
1299 1279 1368 1322 oc-

242 1365 372 1428 cideret.
413 1365 651 1429 Ainobmenum
682 1372 791 1430 eutem
817 1364 889 1426 istis
910 1362 1019 1428 verbis
1040 1376 1249 1449 commotum,
1271 1386 1366 1449 opes

244 1479 354 1556 reptos
374 1470 561 1536 reddidisse.

527 1667 650 1780 „en
687 1605 747 1824 :i
779 1633 848 1824 gp
882 1617 965 1790 di
1024 1683 1063 1764 n

243 1893 302 1968 96.
354 1885 527 1976 Fidelior,
554 1913 673 1988 quom
700 1887 996 1989 Omm·Djomiln.

324 2021 441 2086 Mulier
463 2020 526 2083 iste
547 2021 591 2086 ad
610 2020 758 2085 familiam
789 2022 1066 2087 Abu-Horairehi
1088 2022 1269 2098 ben-Dus,
1294 2029 1360 2090 At-

242 2139 331 2195 soret
379 2130 567 2193 incolentem
616 2128 801 2210 pertinebat.
862 2128 1069 2194 Hesobanrus
1113 2132 1360 2196 beu-Alweld

244 2235 539 2321 ben-Aimogbirub
567 2235 786 2298 Mucbsunritc
815 2235 979 2300 occideret
999 2237 1268 2301 Abu-Soheirum
1293 2242 1362 2303 ΑΙ-

242 2343 383 2424 scbroui,
407 2344 460 2424 qui
481 2342 523 2404 ed
545 2343 659 2406 tribum
681 2341 752 2405 nso
774 2341 945 2407 Scbnuuuh
967 2344 1143 2426 pertinebat
1168 2355 1201 2406 et
1221 2349 1361 2427 propin·

242 2468 326 2532 quus
342 2448 563 2530 Abu-Soijnni
576 2449 746 2515 ben-liorb
763 2459 840 2516 erut.
863 2450 914 2515 Re
929 2449 1038 2514 audito
1059 2451 1128 2514 eius
1148 2455 1274 2535 gensin
1293 2475 1359 2537 op-

242 2555 315 2639 pido
344 2557 477 2620 Alsnrst
503 2557 536 2618 in
563 2555 734 2620 Dhirrtruur
762 2557 1091 2642 beu-Aiohetbtheb,
1128 2568 1164 2624 ut
1191 2581 1266 2623 euru
1297 2584 1357 2644 pro

242 2663 294 2726 illo
315 2662 488 2745 occideret,
511 2663 608 2725 irruit.
650 2665 696 2725 nt
716 2663 769 2726 bic
789 2665 820 2726 in
844 2664 1270 2748 domum0mm··1)jnnttae
1295 2671 1356 2732 iu-

242 2771 336 2854 giens
358 2766 398 2835 sb
420 2787 460 2834 ec
482 2771 671 2834 convocetis
693 2773 761 2834 suis
785 2772 940 2836 defensus
961 2783 1020 2838 est.

242 3222 303 3292 97.
354 3213 531 3307 Fidelior,
559 3243 675 3319 quarn
698 3217 992 3296 Abu-Hunbalus
1019 3221 1195 3324 Thajjito.

323 3368 394 3432 Viri
414 3385 529 3431 nomon
558 3379 627 3432 erat
647 3369 800 3434 linritsnb
821 3371 1013 3436 beu-Mon.
1056 3373 1168 3438 consa
1189 3378 1355 3458 proverbii

242 3481 329 3550 erut,
360 3473 445 3554 qnod
470 3474 727 3540 Amru·l'Kniso
754 3495 827 3540 cunr
856 3479 1027 3563 uxoribus,
1056 3482 1167 3560 opibus
1189 3485 1355 3566 armisque

124 3649 127 3667 Ι
242 3578 285 3642 ed
305 3597 378 3643 cunr
400 3579 579 3645 deverteuti
602 3584 697 3647 iidem
729 3585 931 3650 seruoverst.¹
974 3589 1068 3650 Duco
1089 3598 1199 3652 eutem
1228 3611 1354 3655 uxores

243 3686 273 3750 ei
294 3695 386 3750 erent
406 3705 469 3750 uns
490 3689 681 3769 Djodniitice
697 3692 799 3765 nitere
819 3693 1029 3786 dsoubiitico,
1052 3713 1183 3776 querum
1195 3697 1292 3779 prior,
1317 3709 1353 3761 ut

241 3792 337 3857 odem
359 3794 495 3877 falleret,
518 3796 618 3859 altere
645 3807 679 3860 ut
702 3808 862 3881 servaret,
892 3799 1057 3866 suadebat.
1101 3803 1244 3881 Quarum
1266 3824 1353 3867 oon·

242 3899 347 3962 sitium
376 3919 469 3982 quum
496 3899 693 3985 audivisset,
726 3923 821 3966 ovem
852 3906 967 3970 bimum
997 3909 1104 3970 mulsit
1137 3918 1170 3970 et
1197 3911 1350 3972 luceius

241 4006 353 4070 bibens
379 4015 414 4067 et
439 4015 585 4069 ventrem
607 4027 700 4072 suurn
721 4011 894 4094 detergens
914 4013 1006 4077 dixit:
1027 4015 1093 4076 Per
1119 4007 1243 4078 Deum!
1270 4017 1348 4078 Non

241 4109 363 4192 perfide
391 4129 508 4195 egem,
538 4113 685 4195 quamdiu
715 4119 766 4180 leo
794 4120 866 4182 ovis
894 4120 997 4186 bimae
1028 4124 1102 4186 mibi
1133 4122 1283 4205 suffecit,
1315 4133 1348 4184 et

240 4225 416 4296 sequentes
438 4239 555 4283 versus
577 4221 739 4284 recitavit:
