2892 5022
660 329 890 397 ,ωο-

228 520 293 584 bat.
334 518 393 584 Vir
413 519 466 582 bio
487 517 581 582 valer
603 525 637 582 et
657 515 765 580 audax
793 513 943 578 familiam
970 529 1063 576 suum
1093 513 1191 575 multa
1219 509 1333 573 iniuria

229 629 410 712 adflixerat,
433 637 467 691 ut
488 647 560 690 enm
583 625 772 709 relegarent.
793 625 940 686 bleeeam
966 621 1158 703 perveniens
1180 639 1253 684 oum
1278 619 1336 683 la-

227 737 311 802 milia
333 735 421 798 Harb
444 733 677 816 bon-0mujjab
698 731 812 796 foedus
836 741 870 795 et
889 731 1077 794 sotietatem
1109 731 1208 792 inivit.
1251 731 1337 792 Tum

229 863 271 906 ux
293 843 458 924 protinoia
479 839 605 921 llidjasi
625 841 656 901 in
679 839 844 923 regionem
865 839 979 900 iraoae
1006 837 1140 899 tendens
1162 834 1204 899 ad
1224 837 1336 902 mam

228 950 391 1014 Noburani
424 947 689 1012 ben-Aimonrlsir
722 945 869 1029 pervenit
900 945 1005 1026 ibique
1039 946 1164 1008 mansit.
1205 945 1340 1008 Alnob-

228 1074 341 1120 :uanus
363 1065 469 1119 autem
492 1055 661 1136 quotannis
682 1052 723 1116 ad
744 1051 901 1115 nundinas
922 1051 1059 1116 utensi
1078 1069 1195 1136 agmen
1217 1069 1339 1114 οαωε-

228 1165 330 1228 lorum
349 1181 422 1228 oum
444 1153 636 1226 aromatibus
658 1169 691 1245 et
710 1160 824 1242 pannis
845 1161 992 1241 pretiosis
1015 1169 1215 1222 mercaturae
1229 1177 1340 1222 eausa

184 1265 189 1282 ‘
228 1272 352 1332 mittere
379 1268 514 1332 solebat.
557 1269 617 1330 Dio
644 1267 800 1349 quodam,
829 1285 924 1349 quum
952 1265 1171 1330 Albarradbus
1203 1275 1238 1328 et
1266 1269 1338 1330 At-

228 1377 380 1439 rabbalus
403 1375 471 1456 (sio
493 1375 576 1438 enim
599 1373 896 1458 cognominabatur,
918 1375 990 1455 qnia
1011 1373 1193 1455 frequenter
1212 1373 1256 1438 sd
1279 1395 1340 1437 re-

227 1505 289 1570 ges
311 1484 462 1548 veniebat
484 1482 666 1548 Obrwabus
683 1480 1106 1562 ben-Ohtbabben-Djalar
1135 1481 1341 1564 ten-citat)

228 1591 314 1674 apud
337 1610 448 1674 regem
470 1598 657 1671 praesentes
680 1597 802 1671 essent,
825 1587 878 1650 bio
899 1586 997 1653 dixit:
1020 1585 1175 1668 Quisnam
1188 1591 1342 1654 amelo-

228 1717 296 1759 rum
318 1715 434 1778 agmen
456 1695 633 1758 Olroatsum
657 1688 778 1756 dueot‘l
818 1693 1000 1758 Barradbus
1020 1694 1204 1778 respondit,
1243 1714 1287 1760 se
1310 1697 1343 1762 id

228 1823 286 1885 per
317 1810 448 1885 gentem
487 1799 641 1863 Cenarrab
670 1799 837 1864 diruturum
868 1819 954 1864 esse.
997 1803 1043 1864 At
1072 1822 1131 1866 rex
1160 1803 1257 1884 dixit,
1302 1824 1344 1869 se

226 1911 330 1971 virum
352 1907 447 1986 velle,
470 1907 522 1988 qui
543 1907 686 1969 camelos
707 1927 765 1991 per
784 1914 901 1988 gentes
923 1908 1079 1973 Cananab
1101 1918 1134 1972 et
1161 1911 1242 1973 Kuis
1273 1912 1344 1976 do-

228 2025 327 2080 oeret.
369 2016 451 2078 'turn
473 2013 656 2077 0brwabus
675 2012 770 2078 dixit:
810 2015 871 2082 Vir
897 2017 959 2078 iste
986 2017 1080 2080 valer
1112 2026 1145 2081 et
1169 2020 1344 2102 relegatus

228 2124 317 2206 regis
340 2121 481 2185 camelos
505 2119 623 2184 dnoere
643 2141 707 2184 uon
728 2129 850 2203 potest,
873 2141 937 2204 ego
958 2140 1018 2187 eos
1039 2142 1096 2204 por
1120 2135 1251 2210 gentem
1275 2129 1345 2191 ab·

232 2230 340 2292 sintlrii
362 2238 394 2292 et
417 2229 561 2292 abrotoni
580 2228 720 2312 regionis
742 2228 850 2310 Nedjd
869 2237 902 2292 et
913 2228 1077 2292 'lehamae
1090 2229 1242 2295 dnoturus
1250 2251 1344 2298 sum.

232 2335 464 2401 Consentiunte
484 2352 563 2417 rege
584 2335 644 2396 iter
666 2352 740 2398 euru
761 2337 892 2398 camelis
912 2338 1080 2420 ingressus
1103 2346 1164 2402 est
1204 2341 1253 2402 At
1272 2343 1342 2406 At.

231 2443 409 2508 barradbus
432 2443 491 2505 viri
510 2443 649 2526 vestigia
670 2452 815 2526 secutus,
839 2461 933 2524 quum
956 2443 1140 2509 Obrwabus
1169 2446 1199 2508 iu
1226 2450 1343 2514 medio

229 2555 337 2639 gentis
358 2572 440 2617 suae
460 2551 731 2617 adb'adaoilatus
753 2562 845 2616 esset
865 2563 899 2616 et
920 2556 1111 2619 camelorum
1133 2576 1252 2640 agmen
1276 2561 1346 2626 de-

101 2690 106 2700 ·
230 2663 410 2744 cubuisset,
432 2659 550 2722 sumsit
572 2661 721 2742 sagittas,
754 2678 838 2743 quae
858 2662 999 2725 sortibus
1029 2663 1272 2750 inserviebant,
1307 2679 1348 2732 ut

231 2770 421 2850 sagittarum
449 2764 536 2830 iaetu
564 2765 605 2828 de
634 2766 787 2831 ohrwohi
814 2767 915 2831 caede
941 2747 1113 2832 sortiretur.
1150 2771 1347 2840 ohrwahua

231 2876 272 2937 ad
296 2875 399 2936 virum
420 2874 502 2936 haee
523 2875 704 2936 molientem
733 2874 913 2956 transiens,
941 2874 1016 2956 quid
1042 2887 1168 2960 ageret,
1194 2880 1345 2945 iuterro-

229 2981 332 3062 gavit.
376 2979 495 3062 Quum,
518 2997 556 3042 se
577 2990 683 3044 sortes
705 2978 745 3041 de
766 2978 867 3041 oaede
888 2981 958 3043 eius
980 2983 1179 3068 interrogare
1193 3005 1346 3070 respou-

230 3087 346 3169 disset,
377 3083 574 3170 0brwabns,
597 3105 669 3150 eum
691 3087 745 3148 tali
766 3086 813 3148 rei
833 3085 1065 3168 perpetrandae
1084 3090 1239 3171 imparem
1260 3113 1346 3160 esse

207 3193 321 3255 dixit.
363 3191 585 3256 Albarradirus
607 3193 657 3255 his
678 3194 789 3257 vorbis
811 3195 858 3257 ira
878 3196 1030 3260 incurrans
1061 3197 1160 3280 gladii
1186 3199 1290 3265 iourm
1313 3207 1347 3270 ei

230 3301 357 3385 inflixit,
378 3317 442 3383 quo
471 3298 690 3381 oooideretur,
719 3309 785 3364 tum
818 3303 1011 3367 oamelo'rum
1040 3323 1156 3387 agmen
1194 3306 1345 3375 abduxit.

230 3409 324 3472 Haeo
345 3417 453 3472 autem
472 3421 526 3470 res
547 3407 579 3469 in
601 3425 702 3470 musa
731 3415 819 3492 erat,
851 3426 907 3471 our
934 3408 1016 3472 inter
1042 3421 1171 3496 gentem
1206 3413 1350 3482 Chindif

230 3526 263 3580 et
284 3515 364 3579 Kois
385 3514 501 3579 beilum
514 3515 661 3596 llllldjar.
681 3514 785 3595 (oonl.
798 3517 943 3580 Hamas·
964 3537 995 3599 p.
1017 3527 1085 3602 un,
1108 3519 1192 3584 etc.
1205 3522 1343 3610 XXIX,

229 3613 278 3694 b)
302 3614 496 3697 appellatum
519 3614 662 3677 oriretur.
684 3613 775 3678 Istud
804 3615 996 3680 Albarradbi
1023 3619 1141 3682 laetum
1176 3627 1346 3703 proverbii

230 3741 330 3786 eausa
353 3730 430 3786 erat,
471 3722 787 3786 Abu-'l'ammamus
817 3723 859 3787 ad
887 3733 1017 3806 gentem
1057 3727 1138 3790 'l‘bai
1170 3732 1345 3810 pertinens

231 3839 330 3912 poeta
350 3831 432 3894 illius
453 3830 530 3894 laeti
552 3831 743 3894 mentionem
771 3830 852 3896 leoit
872 3833 904 3894 io
933 3833 1081 3896 versibus
1109 3841 1346 3918 sequentibus:

328 3962 523 4082 pem:
541 3942 646 4105 ,us
671 3971 785 4106 sut
810 3967 909 4106 nur
928 3965 1029 4094 :sp
1056 3971 1233 4099 siut

330 4155 1236 4316 tortuosissimus&
