2908 5028
503 351 733 416 -ffl5-

57 545 221 618 vestrem,
249 536 381 600 multum
409 536 587 599 intuentem
618 535 727 616 lutuit5
755 554 838 617 quae
866 537 967 600 verba
1005 540 1166 621 proverbii

59 647 129 708 loco
152 646 184 706 iu
207 663 279 706 eum
307 643 473 720 dicuntur,
498 644 644 725 quicum
665 645 789 706 victore
810 654 922 708 certat.
964 645 1164 710 llaachimus

56 752 203 814 menibus
215 747 298 832 post]
305 757 434 831 tergum
449 751 570 831 ligatis,
585 758 622 811 ut
637 751 852 832 confiteretur,
873 751 925 813 ubi
939 770 1019 833 opes
1038 763 1158 838 essent,

57 867 207 939 coactus,
230 855 335 937 capite
356 855 484 918 taudem
507 865 672 919 truncatus
699 867 759 919 est.
803 861 910 921 Serva
932 866 1058 939 autem,
1080 877 1165 940 quae

57 985 126 1027 rem
149 959 363 1044 indicaveral',
385 982 406 1025 a
429 960 549 1024 Chidro
570 963 643 1024 loco
664 965 795 1045 uxoris,
817 983 910 1046 quarn
933 966 1041 1027 mortis
1061 983 1166 1046 poena

56 1073 291 1152 mulctaverat,
324 1072 356 1132 in
392 1070 624 1132 matrimonium
656 1069 753 1132 ducta
779 1080 841 1134 est.
883 1072 935 1133 lle
962 1092 1002 1134 eo
1038 1071 1164 1152 dicitur,

56 1179 111 1260 qui
133 1177 263 1257 saepius
277 1175 459 1256 vincentem
479 1175 588 1237 vincit.
610 1175 822 1241 Samaehseh.
836 1178 1012 1242 Proverbio
1027 1192 1164 1241 metrum

57 1283 155 1350 Sarih
174 1290 235 1344 est.
259 1298 287 1343 c.
309 1300 339 1362 p.
360 1279 450 1350 2¹5„

249 1413 373 1600 {Udi
399 1400 476 1601 {53¹⁵
502 1423 604 1552 332
640 1416 829 1572 diis-,3
900 1458 966 1547 ru

57 1673 141 1748 ¹294.
193 1673 267 1769 Qui
294 1671 433 1746 incedit
459 1675 497 1745 in
523 1687 622 1746 terra
649 1671 746 1762 dura
776 1701 820 1748 ac
849 1677 982 1776 plana,
1008 1699 1161 1749 securus
1226 1695 1229 1702 “

191 1813 256 1892 est,
284 1826 331 1871 ne
357 1797 453 1900 pede
480 1797 660 1874 offendat.

139 1933 254 1995 llonet
273 1951 333 1994 nos
354 1932 569 2013 proverbium,
591 1940 626 1994 ut
647 1931 895 1998 incolumitatem
916 1953 1118 2024 quaeramus.

59 2331 143 2401 295.
197 2325 275 2421 Qui
314 2329 426 2400 evitat
462 2343 598 2402 terrem
631 2329 793 2418 mollem,
830 2332 868 2402 in
904 2353 979 2429 qun
1020 2328 1162 2428 lapides

191 2451 322 2536 iacent,
348 2475 396 2522 ue
413 2447 518 2554 pede
545 2448 721 2540 offendet,
747 2475 900 2526 secunus
926 2466 993 2525 est.

141 2579 237 2643 Conf.
258 2581 351 2646 Kam.
373 2599 400 2643 s.
422 2601 454 2644 v.
468 2591 539 2679 ρ

333 2717 401 2762 sc,
477 2741 528 2764 μ
580 2743 663 2765 m
707 2727 757 2765 u.

316 2763 887 2920 ῥμμψω

56 2997 142 3076 296.
195 2993 271 3090 Qui
305 2993 431 3066 vicum
469 2989 629 3092 Tagheri
667 2994 791 3080 intrat,
829 2990 989 3064 dialecto
1023 2988 1164 3090 Himjn-

193 3118 299 3189 ritice
317 3118 454 3204 ,ulitum

103 3241 251 3304 Narrant
271 3239 411 3301 Arebem
434 3246 645 3319 campestrem
659 3236 700 3299 ad
722 3255 835 3319 regem
854 3238 1005 3302 lemanae
1021 3239 1163 3302 venisse.

52 3348 199 3431 Regem,
231 3355 267 3408 ut
293 3365 367 3407 eum
394 3346 515 3408 honore
540 3344 706 3426 adficeret,
735 3357 797 3407 aua
823 3345 933 3426 lingua
957 3343 1161 3425 Himjaritica

53 3471 153 3515 nsum
170 3449 310 3515 dixisse:
325 3457 384 3538 qd
406 3447 530 3530 Sede,
559 3449 699 3511 Arabem
721 3457 828 3512 autem
848 3449 931 3512 sali
960 3447 1161 3514 intellexisse
1230 3517 1233 3522 ,

53 3584 86 3639 et
117 3573 320 3637 desilientem
351 3592 372 3635 a
401 3575 473 3635 loco
498 3574 562 3634 elto
590 3571 733 3652 periisse.
766 3570 864 3649 Quod
895 3590 994 3652 quum
1026 3573 1164 3636 vidisset

53 3702 128 3766 rex,
162 3679 212 3742 rie'
235 3699 335 3743 causa
364 3680 441 3741 lacti
471 3679 638 3741 certiorem
664 3678 785 3741 factum
816 3680 879 3742 ista
908 3679 1010 3740 verba
1030 3677 1162 3741 dixisse.

53 3787 270 3851 Proverbium
296 3785 477 3867 significat,
507 3803 591 3865 eum,
622 3783 677 3865 qui
699 3801 738 3845 se
758 3783 848 3865 genti
877 3785 1066 3866 immisceat,
1092 3784 1163 3844 eius

52 3913 163 3958 mores
179 3891 294 3956 imitari
308 3889 435 3955 debere.
450 3889 661 3954 Samaehsch.
673 3887 757 3988 ,lib
779 3888 941 3971 'l'haghari
961 3907 1077 3950 nomen
1098 3889 1164 3950 vici

53 4013 257 4080 lemanenais
284 4022 344 4075 est.
386 4011 482 4093 Sunt,
509 4013 562 4092 qui
590 4010 665 4073 voci
681 4037 752 4106 ρ
780 4007 1046 4091 significationem
1075 4007 1164 4070 luto

52 4141 179 4203 rubro
211 4135 341 4199 tinxit
363 4135 519 4215 tribuant,
552 4132 628 4216 quia
655 4133 688 4196 in
713 4133 768 4196 illo
796 4131 870 4196 viee
891 4132 959 4193 luto
980 4129 1076 4194 rubro
1097 4143 1164 4228 afta

51 4261 221 4344 appellato
241 4263 414 4321 uterentur.

829 4425 838 4438 ”
941 4422 1015 4495 ta*
