2892 5022
262 504 366 576 iussit
408 505 492 568 'l'nm
513 519 625 566 omnes
652 498 783 584 sagittis
803 495 918 578 petivit
937 503 970 557 et
991 491 1119 557 occidit
1160 493 1269 558 Contra
1287 509 1335 554 eos

261 620 384 691 autem,
413 611 464 694 qui
493 608 606 672 eodem
633 607 685 669 die
710 604 900 689 sagittarum
929 601 1015 684 lactu
1049 618 1113 692 uon
1141 598 1235 664 occisi
1252 605 1335 680 erant,

261 719 394 793 postero
412 729 507 772 mano
542 705 670 770 crudele
690 707 813 769 iactum
839 703 985 785 iteravit,
1015 700 1120 765 donec
1133 717 1238 762 omnes
1257 697 1337 761 deleti

262 827 383 882 essent.
424 819 546 880 Harum
577 835 682 878 rerum
720 813 767 876 iri
795 809 927 874 accensi
953 809 1112 874 Ahbsitae
1146 825 1202 876 cos
1233 807 1263 869 in
1287 807 1338 870 istu

262 927 335 992 loco
356 935 526 990 versantes
555 931 792 1006 oppresserunt
834 918 1013 983 Duodecim
1041 917 1103 979 viri
1124 913 1338 994 occidebantur,

261 1023 346 1096 inter
372 1049 456 1113 quos
472 1029 622 1094 'italicus
653 1036 687 1091 et
713 1025 838 1090 lasidus
867 1024 1002 1090 Sobellri
1034 1023 1088 1087 lilii
1117 1030 1151 1084 et
1176 1018 1340 1100 Ahraeijjus

262 1135 499 1201 bon-Ahmirah
528 1144 627 1198 eraut.
669 1134 754 1197 'l'um
777 1131 984 1213 congregatis
1005 1130 1108 1212 copiis
1132 1127 1173 1191 ad
1194 1126 1273 1189 latus
1290 1122 1342 1187 loci

262 1243 410 1310 Allnabah
443 1241 566 1332 (suigil)
595 1240 754 1323 appellati,
788 1239 845 1320 qrri
873 1237 902 1298 iu
939 1237 1105 1318 superiore
1145 1243 1234 1316 parte
1262 1233 1341 1294 vallis

190 1393 195 1400 ·
262 1360 469 1422 Dsu-liosan
491 1365 576 1440 erut,
599 1356 650 1419 die
670 1354 795 1419 fervido
816 1351 979 1436 usquead
1000 1350 1162 1414 meridiem
1189 1355 1342 1432 pugnatun
1423 1363 1424 1370 ¹

263 1475 323 1528 est
347 1465 434 1530 Solis
462 1475 575 1528 aestus
595 1472 777 1548 pugnantes
790 1461 965 1544 separavit
1014 1458 1246 1539 Hodsail'ahus,
1265 1455 1342 1517 cuius

262 1570 411 1634 interiora
443 1571 566 1633 femora
593 1570 623 1632 iu
651 1569 823 1650 equitando
851 1587 975 1631 summo
1010 1569 1117 1629 calore
1145 1567 1232 1628 laese
1256 1565 1368 1641 erent,

264 1684 301 1739 ut
329 1677 442 1740 baiuco
465 1677 605 1738 membra
633 1677 913 1762 refrigerarentur,
947 1692 1020 1736 cum
1042 1674 1141 1736 sociis
1171 1675 1201 1734 in
1222 1679 1343 1753 puteum,

263 1785 318 1868 qui
337 1782 421 1866 apud
444 1785 548 1846 locum
572 1782 719 1845 llllrabah
736 1790 817 1864 eret,
847 1781 1068 1843 descenderat.
1113 1779 1232 1841 Kaisus
1251 1793 1345 1840 eoruu

263 1900 381 1954 statum
405 1889 552 1952 divinans
574 1906 645 1952 cnm
667 1890 766 1951 sociis
788 1887 929 1950 advenit.
963 1889 1032 1952 lsto
1059 1887 1110 1950 die
1130 1885 1345 1964 Hndsailtltus,

263 2000 402 2062 Malicus
421 1997 606 2079 beu-Badr,
620 1998 803 2061 Alharitsus
818 1996 1061 2058 ben-Auhl'beu
1073 1995 1182 2080 -Badr,
1213 2004 1245 2058 et
1257 1995 1347 2055 llam·

229 2135 233 2142 ·
265 2105 316 2167 lus
335 2103 399 2166 beu
418 2104 505 2167 Badr
526 2103 626 2165 occisi
646 2111 729 2165 sunt.
751 2105 787 2164 ln
802 2101 1002 2165 Hodsail'aho
1019 2109 1126 2164 autern
1139 2098 1347 2179 utcxempltnn

264 2219 460 2292 statuerent,
485 2211 555 2273 eius
577 2209 744 2274 testiculus
772 2217 954 2290 amputatos
975 2209 1005 2270 ei
1026 2210 1057 2272 io
1078 2227 1116 2270 os
1144 2208 1348 2293 ingesserunt,

264 2313 334 2380 eius
369 2325 475 2379 autern
505 2316 646 2400 linguam
672 2317 701 2378 in
729 2315 876 2397 podicem
906 2315 1093 2379 indiderunt.
1136 2313 1229 2379 Gens
1256 2320 1349 2374 entenr

265 2421 431 2488 Glrathiau
460 2423 593 2484 caedem
619 2421 811 2485 Hodsail'alri
839 2441 939 2506 aegre
970 2423 1077 2484 lereus
1099 2423 1243 2485 omnibus
1263 2418 1349 2498 copis

263 2527 409 2596 collectis
437 2530 592 2593 Ahbsitas
621 2529 773 2592 invadere
807 2531 929 2592 statuit.
965 2527 1057 2593 Gens
1073 2529 1166 2592 Altis
1194 2529 1351 2608 videos,sc

262 2641 361 2703 tantis
378 2637 478 2720 copiis
498 2637 652 2699 resistere
676 2656 737 2700 oon
756 2655 866 2721 posse,
894 2638 922 2697 in
940 2637 1102 2720 regionem
1119 2635 1279 2701 lemamalr
1298 2629 1350 2694 ml·

261 2745 376 2829 grandi
393 2745 557 2807 consilium
574 2744 672 2825 cepit,
694 2744 736 2805 ibi
764 2745 846 2806 euim
875 2742 1014 2806 habebat
1036 2745 1216 2808 avunculos
1235 2750 1350 2826 genten

261 2852 490 2934 Alrblah,quae
499 2852 563 2915 lilia
572 2850 681 2914 Alduli
690 2849 966 2933 liliilloneilahse,
980 2852 1090 2913 matris
1101 2851 1352 2914 liewalrelrierat

261 2957 430 3020 Venerunt
444 2959 539 3038 igitur
555 2957 597 3020 ad
611 2959 812 3022 Ketadalrum
827 2959 1100 3022 ben-Meslamah.
1113 2961 1161 3022 lbi
1178 2979 1273 3043 quum
1286 2975 1354 3039 ptr·

262 3081 338 3126 vum
368 3065 521 3146 temporis
548 3067 686 3148 spatium
716 3077 912 3130 commoratu
936 3076 1024 3130 esset
1045 3085 1146 3151 gens,
1184 3069 1225 3130 ob
1254 3065 1353 3146 verbs,

264 3187 347 3251 quse
381 3170 504 3234 Keisus
531 3183 702 3256 praesento
736 3173 906 3236 Ketudrlro
946 3174 987 3237 do
1025 3175 1132 3236 cronio
1168 3175 1353 3256 protulisset,

262 3275 453 3342 Ketadnhus'
481 3282 624 3343 timorem
653 3283 856 3364 concipiens,
883 3300 954 3344 eom
986 3281 1072 3344 obire
1102 3281 1207 3344 iussit
1251 3281 1356 3344 Cusus

261 3381 359 3465 igitur
389 3395 559 3450 moventes
579 3387 611 3449 in
632 3390 796 3470 regionem
817 3387 921 3470 Hodjr
948 3387 989 3451 ad
1009 3397 1139 3471 gentem
1161 3382 1355 3453 Banu-Sahd

109 3483 123 3504 ”
238 3489 423 3553 ·heo-Said
443 3494 556 3557 Merrat
577 3494 785 3560 ten-ramim
807 3497 942 3577 proiecti
962 3505 1045 3558 sunt
1067 3494 1134 3557 Sed
1155 3515 1240 3579 gens
1255 3496 1357 3558 umu-

261 3595 352 3659 Salrd
384 3597 578 3679 Aldjaunnm
606 3620 717 3684 regem
745 3601 860 3683 Hodjri
891 3621 951 3684 spo
979 3601 1138 3684 praedae,
1160 3613 1195 3665 ut
1233 3610 1355 3685 gentem

259 3704 353 3768 Ahbs
373 3705 535 3788 inopinetu
556 3709 675 3790 impetu
696 3727 768 3773 eum
784 3711 970 3792 copiis'suis
983 3710 1186 3793 opprimeret,
1200 3707 1357 3773 excitauit.

260 3811 366 3892 Quem
392 3835 459 3878 rem
494 3833 591 3897 quum
621 3835 679 3878 rex
713 3834 752 3879 se
787 3826 988 3899 peracturum
1022 3835 1099 3880 csso
1143 3797 1355 3899 promisisset,

259 3919 387 4001 quidam
409 3940 451 3984 ex
472 3921 617 3986 Sehditis
639 3931 824 4006 cognatam,
837 3941 921 4006 qnae
940 3922 1012 3984 viru
1034 3942 1076 3984 ex
1097 3923 1245 3985 Ahbsitis
1267 3926 1359 4000 nupta

259 4037 340 4109 erat,
362 4027 404 4091 de
429 4047 465 4090 re
485 4029 655 4092 certiorem
676 4030 764 4115 lecit,
787 4037 820 4093 et
841 4028 1071 4094 haecllaisnm
1093 4029 1221 4091 monuit
1242 4027 1359 4089 Kaisus

258 4133 345 4198 initio
365 4135 483 4216 noctis,
505 4142 541 4198 ut
560 4135 698 4200 semmae
721 4136 829 4222 gentis
850 4145 883 4200 ct
903 4135 1222 4221 robustiorspecora,
1244 4131 1358 4196 relictis

257 4239 386 4322 Quibus
406 4241 489 4305 inter
509 4242 622 4306 viliora
641 4243 878 4326 impedimenta,
901 4243 1195 4325 proficiscerentur,
1218 4233 1359 4322 impere-

256 4347 315 4411 vit.
364 4348 500 4428 Equites
535 4359 644 4416 autem
672 4347 723 4432 {sd
757 4353 864 4415 locum
893 4351 1031 4418 Allarulr
1057 4351 1272 4433 appellatum,
1309 4341 1360 4428 qui
