2900 5026
692 269 900 332 ..η-

252 454 314 518 oilri
333 455 506 536 pertioipes
530 461 651 537 essent,
674 453 725 516 ille
760 450 919 514 invitavit
962 451 1106 532 Uterque
1133 450 1263 514 ulterius
1289 445 1346 514 do-

252 564 317 626 lum
338 562 454 626 timens
474 581 536 624 uno
558 559 735 642 eodemque
756 567 916 622 momento
935 557 978 620 elr
1001 577 1083 640 equo
1110 557 1225 620 desiliit
1252 564 1285 618 et
1310 554 1348 618 ed

252 670 359 732 eibum
378 669 532 732 eooessit.
575 667 689 730 cibum
710 675 883 748 potumque
906 685 1002 748 quum
1021 665 1235 750 emissent,
1262 665 1350 726 eooi-
1426 624 1427 706 l

253 775 309 860 dit,
333 785 370 838 ut
389 776 429 838 ob
452 795 520 838 rem
546 775 607 856 ipsi
634 776 819 838 neeessario
846 772 1063 880 peragendum
1091 771 1349 836 Aleolrnesosin

252 887 338 947 letus
359 881 514 945 sooedere
535 890 717 964 cogeretur,
758 879 901 942 Rediens
922 880 1122 942 Leolnuitem
1143 879 1174 940 io
1198 877 1353 961 sunguine

1419 89 1421 148 l

1421 351 1424 442 l

254 1008 292 1054 se
311 990 510 1053 volutantem
539 989 666 1049 invenit.
711 985 807 1066 Quod
834 985 949 1049 videns
978 987 1184 1048 Alsohnesus
1214 983 1352 1068 gledionr
1430 1037 1431 1044 ,

254 1095 395 1175 ducens,
423 1095 505 1156 elter
537 1095 622 1154 enim
641 1111 780 1174 ,quoque
807 1090 950 1174 gladium
967 1094 1185 1176 ,evaginatum
1216 1090 1353 1174 tenebat,
1432 1152 1433 1200 ,

254 1202 350 1264 dixit:
370 1201 467 1264 Veeh
488 1193 558 1263 tibil
581 1202 631 1262 'lu
653 1201 755 1262 virum
777 1199 935 1284 oooidisti,
956 1201 1048 1261 ouius
1071 1199 1177 1260 einum
1199 1208 1231 1260 ot
1247 1207 1353 1279 potum
1433 1241 1434 1270 ,

254 1325 485 1371 sumseremus.
528 1309 621 1370 Alter
640 1315 765 1370 eutem:
797 1303 897 1389 Sede,
920 1306 1019 1389 dixit,
1041 1323 1113 1367 nom
1137 1315 1172 1367 ut
1192 1306 1274 1367 telos
1304 1321 1354 1364 res
1434 1330 1435 1350 κ

255 1433 499 1497 perageremus,
522 1413 693 1476 exivimus.
735 1415 852 1493 Aliquo
879 1421 1023 1492 tempore
1051 1419 1125 1491 post
1157 1409 1355 1475 Alhozninns

255 1520 350 1582 dixit:
371 1521 460 1582 Num
480 1521 567 1602 sois,
595 1519 669 1602 quid
689 1521 773 1588 'etlam
794 1529 826 1582 et
848 1525 926 1602 ,leue
948 1519 989 1580 sit
997 1513 1045 1597 ⁴3¹)
1066 1517 1158 1579 Alter
1179 1515 1356 1599 respondit:

183 1712 187 1720 ,
256 1645 354 1705 Nuno
375 1651 427 1705 ost
447 1651 576 1721 tempus
598 1641 711 1704 edendi
734 1652 766 1704 et
786 1642 922 1706 bibendi.
964 1641 1165 1704 Alhozeinus
1187 1651 1295 1704 eutem
1312 1641 1358 1702 si·

257 1751 340 1828 lons,
361 1749 465 1824 donee
485 1749 569 1810 illum
591 1747 720 1810 oblitum
743 1767 828 1832 esso,
851 1747 924 1830 quid
943 1748 1015 1810 istis
1031 1749 1138 1810 verbis
1153 1747 1356 1830 siguificare-

255 1863 320 1938 tur,
341 1862 478 1936 putaret,
501 1855 720 1938 interrogovit,
743 1874 819 1938 rrum
841 1855 1019 1918 exenium
1047 1853 1221 1916 hariolandi
1247 1855 1358 1916 soien-

256 1961 320 2022 tioe
341 1978 462 2042 guerus
483 1967 589 2052 esset,
606 1967 652 2042 et,
674 1980 771 2042 quum
793 1961 874 2021 elter
894 1959 1028 2043 diceret,
1051 1959 1124 2036 quid
1140 1953 1217 2022 esti
1244 1960 1357 2022 itorurn

256 2067 479 2149 interrogovit,
501 2066 575 2148 quid
594 2067 647 2129 ille
668 2069 772 2148 equile
794 2051 956 2148 ossilr'egs
974 2061 1198 2150 signifioeroti
1219 2066 1360 2147 Djolrei·

257 2175 323 2236 nite
343 2181 451 2236 auteur
475 2172 564 2254 dixit,
587 2175 640 2235 ubi
662 2194 732 2236 earu
754 2173 872 2238 videsl
893 2175 985 2236 Alter
1007 2175 1095 2238 dixit:
1117 2175 1211 2238 llaec
1233 2185 1304 2258 est,
1325 2183 1357 2236 et

257 2297 296 2342 se
317 2279 460 2344 extendit
476 2289 510 2342 ot
532 2281 563 2342 in
583 2282 707 2344 eoelum
730 2287 828 2362 caput
849 2282 961 2344 erexit.
1003 2282 1108 2344 Huius
1131 2283 1283 2346 momenti
1301 2300 1361 2344 oo-

258 2387 420 2449 oesioneur
443 2396 576 2467 reptans
592 2387 778 2469 Djoheinite
798 2389 869 2451 eius
899 2388 1043 2470 iugulum
1066 2388 1175 2471 gladio
1197 2389 1364 2470 percussit

258 2492 384 2556 dicens:
404 2494 478 2576 Ego
498 2511 571 2556 sum
593 2493 733 2557 hariolus
755 2503 789 2557 et
809 2497 968 2578 iugulsus.
985 2497 1066 2558 'ferm
1088 2496 1193 2558 omnis
1213 2496 1364 2560 utensilis

257 2617 369 2662 seeum
398 2601 549 2662 sufereus
583 2600 627 2664 ed
655 2611 785 2683 gentem
812 2621 904 2664 suem
931 2604 990 2664 iter
1018 2602 1143 2664 direxit.
1186 2603 1363 2666 'l'rensiens

260 2717 369 2772 entem
390 2707 432 2770 ed
453 2708 533 2770 dues
555 2709 669 2792 tribus,
691 2709 731 2772 ed
747 2691 827 2774 liele
849 2711 1054 2791 pertinentes,
1068 2708 1193 2789 Morodj
1218 2709 1270 2788 (in
1291 2729 1363 2774 meo

257 2815 368 2878 oodice
389 2827 457 2927 ει),
483 2815 597 2880 Merelr
610 2817 681 2896 est)
710 2826 744 2879 et
764 2819 885 2880 Anmor
903 2818 1080 2898 appellatus
1101 2819 1251 2882 seminem
1282 2819 1364 2882 vidit

257 2937 469 3000 Alhoneinurn
518 2938 738 3000 ben-Sobeilr
772 2931 1083 3002 commemorantem.
1135 2941 1365 3023 iuterrogenti,

144 3059 149 3068 ·
258 3062 414 3123 quaenam
429 3039 546 3110 esset?
567 3044 744 3130 respondit,
766 3045 1120 3109 slehreerlhozeini
1136 3065 1366 3110 uxoromesse.

256 3147 474 3228 Aldjolririnite
520 3169 558 3214 se
611 3171 683 3214 eum
731 3153 912 3234 oooidisse,
982 3153 1069 3214 dixit.
1130 3153 1188 3214 ille
1242 3163 1364 3236 sutem,

258 3255 410 3317 mentitus
432 3273 482 3339 os,
503 3257 594 3339 dixit,
616 3277 689 3321 nem
715 3259 762 3322 tui
790 3260 917 3346 simiis,
934 3259 1050 3340 ulem,
1077 3261 1182 3342 qualis
1208 3261 1261 3325 ille
1299 3268 1366 3342 est,

254 3358 408 3423 oooidore
428 3382 490 3434 uon
511 3369 637 3445 potest,
678 3365 738 3426 sod
758 3365 819 3427 nisi
839 3384 925 3450 gens
947 3366 1067 3428 obsens
1088 3375 1199 3452 osset,
1243 3375 1279 3428 tu
1302 3371 1367 3432 hoo
1411 3394 1416 3401 ·

258 3468 367 3532 dleoro
393 3489 456 3531 uon
484 3487 581 3532 eusus
609 3489 712 3534 esses.
755 3474 838 3536 'l'um
874 3471 915 3535 ed
949 3481 1081 3556 gentem
1109 3491 1203 3536 suern
1232 3473 1365 3536 rediens

261 3575 362 3640 lrosoe
383 3577 463 3640 dixit
483 3594 618 3640 versus:

343 3729 1279 3886 ἑκρῑῦᾌῦοὲἓᾎιήῗψρῗῖἓέὲὖῶτῖὗ

259 4041 504 4055 m

277 4187 302 4254 t)
320 4189 389 4255 outo
406 4194 473 4248 luen
494 4191 579 4248 vorle
595 4197 646 4250 loo
663 4197 689 4250 lu
707 4199 769 4252 loeo
786 4199 948 4269 ugultoent,
966 4214 1021 4256 non
1040 4204 1128 4256 video.
