2892 5022
683 289 912 356 -aeta—

255 484 355 556 paret
396 475 563 542 Proverbii
589 473 743 558 originem
770 475 866 538 talem
895 471 997 538 tuisse
1018 482 1155 538 nonant
1196 471 1348 540 Sohairus

254 580 463 663 beu-Djenab
475 582 604 648 Calbita
617 599 741 664 regem,
758 598 850 663 quern
864 581 898 644 N
900 581 1068 646 olrmauum
1090 579 1349 644 beu-Almuudsir

254 689 357 752 inisse
381 689 501 774 dicunt,
523 690 645 752 adierat
665 706 776 751 secum
804 685 927 750 duccus
949 690 1079 752 fratrem
1103 706 1196 751 suum
1213 686 1349 750 Atidium

254 795 358 860 virum
386 796 556 879 stupidum.
597 794 694 878 Apud
723 793 896 860 Sohairum
924 814 1018 878 quum
1050 816 1110 858 rex
1140 795 1353 858 matrissuae

259 904 404 965 morbum
435 911 571 986 questus
598 908 703 986 esset,
725 899 851 964 Ahdius
876 900 969 965 dixu:
1014 901 1143 983 Orex,
1185 899 1355 982 quaereei

206 989 208 996 ¹
255 1009 347 1090 penis
362 1019 460 1091 caput:
478 1008 586 1104 (ψ)
607 1004 759 1072 calidum!
782 1006 905 1086 Quibus
917 1006 958 1069 de
973 1009 1081 1071 verbis
1094 1009 1193 1069 iratus
1209 1025 1268 1068 rex
1284 1023 1353 1065 eum

257 1130 361 1194 occidi
388 1132 490 1197 iussit:
524 1133 570 1194 A:
597 1131 753 1194 Sohairus
782 1130 878 1194 dixit:
905 1130 935 1195 0
964 1151 1038 1194 rex:
1066 1132 1100 1191 ls
1127 1129 1221 1191 tuber
1251 1139 1352 1189 terrac

256 1236 360 1332 (tiss)
381 1237 563 1322 significare
582 1238 699 1320 voluit,
722 1236 807 1318 quod
829 1239 992 1300 innostra
1013 1237 1144 1322 regione
1165 1234 1353 1298 calefactum

255 1359 476 1423 medicamenti
497 1362 568 1423 ioco
593 1359 789 1422 adhibemus.
832 1361 917 1421 'l'um
943 1379 1003 1423 rex
1033 1357 1214 1440 imperavit,
1238 1364 1273 1416 ut
1302 1373 1354 1416 re-

256 1464 426 1530 duceretur
467 1475 501 1530 ct
536 1473 605 1529 tum
633 1466 766 1529 reducto
801 1465 900 1528 dixit:
930 1466 1086 1529 Seirairus
1121 1460 1299 1543 contendit,
1327 1467 1357 1522 te

255 1573 347 1638 tuber
374 1582 477 1637 terrae
505 1573 613 1637 dicere
642 1574 796 1635 voluisse.
838 1571 885 1633 At
909 1571 962 1634 iile
989 1569 1084 1632 dixit:
1105 1571 1184 1652 aptit·
1211 1565 1355 1654 ,pr-Ui

254 1695 385 1778 „Verte
404 1687 623 1758 convertens“
665 1695 739 1774 Ego
759 1697 899 1756 virorum
920 1712 1034 1773 penem
1056 1690 1241 1776 significare
1263 1691 1355 1753 votui.

255 1801 340 1864 Tum
369 1801 437 1863 eius
471 1797 688 1879 stupiditatem
718 1799 873 1880 deguerit
899 1817 1055 1882 eumque,
1089 1795 1355 1879 quemadmodum

253 1915 343 1990 pute,
364 1908 461 1971 libere
482 1906 609 1969 dimisit.
632 1905 738 1967 coni.
762 1905 1028 1970 Samaehsch.

385 2087 556 2288 tm
588 2094 1111 2289 rssi'paii‘topmm
1182 2147 1211 2226 rr

255 2383 316 2452 tt.
365 2375 443 2448 lam
471 2373 572 2478 pedit
600 2377 722 2449 asinus
736 2392 772 2448 et
799 2379 1100 2463 instrumentum,
1127 2377 1357 2477 quouritrrr,

370 2502 407 2573 in
434 2501 519 2597 igne
545 2514 612 2572 est.

337 2679 449 2744 Verba
470 2681 550 2743 haec
572 2679 789 2744 0hriuthahus
804 2679 1065 2761 ben-Abriadjah
1080 2681 1228 2763 princeps
1254 2677 1360 2764 gentis

254 2789 375 2852 Hiasau
404 2788 515 2890 (Uip)
536 2788 623 2852 dixit.
644 2787 770 2886 Eodem
792 2797 945 2871 temporo,
958 2808 1021 2871 quo
1043 2790 1095 2850 iile
1110 2791 1217 2870 gentis
1239 2791 1360 2850 Hissau

254 2908 402 2993 princeps
423 2923 503 2995 erat,
526 2913 725 2976 Aihuzainus
738 2914 800 2975 beu
815 2947 834 2961 -
849 2913 968 2977 Nobait
985 2913 1112 2977 0hciita
1140 2913 1250 2994 gcutis
1280 2913 1360 2976 0hci

254 3017 357 3112 (με)
386 3020 594 3101 principatum
623 3023 760 3084 tenebat.
805 3021 947 3102 Utraque
976 3030 1083 3083 autem
1117 3039 1201 3104 gens
1240 3021 1360 3087 mutuis

254 3141 488 3204 incursionibus
516 3143 712 3205 seinvicem
733 3145 895 3226 vexabat,
917 3145 962 3208 ita
985 3152 1090 3207 tamen
1113 3155 1146 3206 ut
1167 3163 1254 3226 gens
1278 3143 1360 3208 sshci

255 3266 381 3331 omnes,
394 3267 475 3332 quos
497 3249 631 3336 iaceret,
645 3253 793 3332 captivos
814 3250 987 3334 occideret,
1009 3271 1092 3335 gons
1110 3253 1230 3316 Hrssan
1248 3268 1360 3316 omnes

255 3355 404 3437 captiuos
432 3355 507 3420 dato
535 3359 635 3439 pretio
667 3357 764 3422 iibere
792 3359 970 3425 dimitteret.
1014 3360 1074 3423 Vir
1106 3368 1213 3422 autem
1251 3359 1360 3442 gentis

256 3470 379 3534 iiiseau
394 3491 491 3555 quum
514 3475 546 3536 in
569 3475 693 3538 camelo
706 3472 883 3538 adveniens
912 3476 1060 3559 captivos
1075 3475 1253 3541 dimittendi
1278 3495 1361 3541 corr-

255 3577 458 3642 suetudineru
465 3577 612 3660 vidisset,
622 3580 905 3648 muitumhouriues
917 3583 1113 3664 vituperavit
1127 3583 1220 3646 simffl
1235 3561 1361 3644 certio-

255 3695 310 3748 res
332 3702 390 3749 eos
409 3685 546 3768 faciens,
569 3685 725 3767 quosdam
742 3685 878 3750 eGente
900 3688 981 3751 utet
1003 3690 1137 3771 exiisse,
1163 3694 1198 3749 ut
1214 3685 1360 3752 camelos

255 3801 455 3876 quaererent.
475 3791 548 3854 Hos
562 3792 656 3874 igitur
677 3793 825 3871 captives
842 3794 962 3876 factos,
987 3812 1082 3875 quum
1104 3809 1257 3875 magnum
1280 3811 1361 3874 pre·

254 3879 332 3962 tium
353 3901 482 3962 solvere
503 3918 565 3962 nou
587 3909 736 3984 possent,
765 3903 871 3981 capite
892 3907 1089 3962 truncarunt
1133 3896 1225 3962 cha
1246 3908 1361 3962 autem

255 4003 338 4068 onot
365 4007 411 4068 roi
445 4005 561 4068 certior
588 4007 676 4069 facta
708 4006 739 4067 in
770 4007 851 4070 iines
884 4007 992 4089 gentis
1013 4007 1136 4070 Hissan
1167 4005 1361 4070 incursionis

255 4107 421 4174 faciendae
450 4111 614 4174 consilium
648 4111 742 4192 cepit.
784 4110 833 4173 lttt
862 4121 970 4176 autem
998 4113 1107 4176 moniti
1133 4113 1165 4175 iu
1186 4131 1360 4176 occursum

254 4211 389 4277 iverunt.
431 4213 651 4280 Vehementer
679 4225 858 4302 pugnatum
890 4227 951 4282 est.
993 4219 1106 4283 Multis
1127 4217 1306 4282 nuperus
1327 4227 1361 4282 et
