2890 5028
516 320 749 384 ..551-

67 523 128 568 rnnr
149 521 235 568 esse.
276 502 471 590 Acoplerato
491 502 604 566 itinere
632 519 729 586 quum
751 521 850 586 prope
871 503 914 568 ad
939 504 1052 568 hostes
1082 521 1161 584 per-

68 613 216 692 vermes,
238 610 271 672 in
291 610 389 690 valle,
411 627 474 691 qua
494 609 535 674 ab
556 609 597 672 iis
616 611 838 691 separabatur,
871 627 911 674 se
931 611 1106 675 oooultavit
1127 618 1160 673 et

68 717 221 782 Sadnsurn
248 716 495 780 ben-Soneiban
520 716 707 780 ben-Dsolrl
734 716 1024 805 ben-Tsahlobah,
1051 717 1157 780 virum

67 833 156 886 acuto
183 823 313 908 ingenio
341 822 533 906 praeditum,
555 823 789 906 exploratorem
819 826 913 888 mult.
955 827 1162 888 non-oton-

68 929 192 994 dalalrus
213 932 332 994 castris
352 931 384 992 in
407 929 492 1013 pede
513 932 631 994 montis
651 933 767 1013 positis
799 941 945 1013 quartam
976 933 1036 994 sibi
1064 948 1162 1012 prae-

67 1033 122 1096 dae
140 1029 263 1117 partem
285 1035 440 1100 definiens
462 1039 570 1121 ignom
590 1037 739 1100 accendit
759 1046 792 1100 et
813 1037 961 1120 dactylos
982 1039 1014 1102 in
1036 1047 1153 1102 terram

67 1143 227 1223 proliciens
249 1143 348 1209 dixit«
392 1144 458 1224 Qui
484 1145 562 1226 ligni
590 1144 715 1207 fascem
749 1154 912 1227 apportat,
956 1144 1156 1227 dactylorum

68 1249 251 1329 manipulum
271 1250 332 1313 sibi
354 1241 470 1313 sumatl
514 1248 663 1316 Sadusus
685 1261 758 1312 c'um
779 1251 858 1334 ligni
879 1252 973 1313 fasce
993 1249 1156 1314 accedens

69 1354 251 1436 manipulum
282 1355 482 1440 dactylorum
520 1355 638 1418 sumsit
668 1363 701 1417 et
726 1356 758 1416 in
786 1355 936 1436 pharetra
961 1375 1022 1420 sua
1048 1357 1163 1438 posuit.

69 1461 143 1522 'lum
170 1479 207 1522 ae
235 1462 349 1524 turbae
375 1461 566 1542 immiscuit,
597 1469 643 1545 ut,
675 1459 750 1542 quid
778 1461 1000 1544 loquerentur,
1026 1461 1159 1524 audiret.

70 1567 166 1630 llinda
184 1578 291 1632 autern
312 1588 396 1650 pone
418 1567 741 1631 Ebu-Mondalalrurn
763 1567 883 1630 sedens
904 1587 977 1632 curn
1000 1588 1039 1631 eo
1061 1567 1162 1630 verba

68 1673 194 1736 iaciebat
216 1684 249 1737 et
270 1677 480 1757 interrogata,
502 1673 577 1755 quid
601 1675 662 1755 ipsi
684 1673 724 1736 do
745 1673 871 1753 llodjro
893 1674 1078 1739 videretur.
1107 1693 1162 1735 re-

70 1779 201 1859 spondit:
244 1781 351 1844 Video
375 1799 446 1842 euru
467 1780 567 1842 lorica
594 1797 655 1842 sua
686 1779 786 1841 sollae
819 1777 957 1843 medium
980 1781 1164 1861 percutien-
1280 1861 1282 1864 Ι

73 2006 251 2093 iterfacite,
276 2027 340 2070 non
363 2017 416 2072 est
436 2008 576 2073 incursio
598 2009 657 2070 nisi
679 2009 793 2071 iterum
823 2010 911 2072 facta
933 2016 1008 2090 post
1036 2004 1163 2070 aliam.“

73 2113 200 2194 llodjrus
221 2123 329 2178 autern
351 2135 447 2198 quum
468 2116 603 2199 dormit,
627 2134 755 2196 semper
776 2135 870 2178 unum
892 2117 963 2178 eius
982 2116 1157 2179 membrum

72 2219 142 2282 vivit
162 2230 193 2282 et
212 2221 517 2301 Ebu-Mondalalro,
557 2220 715 2303 quomodo
736 2222 799 2284 hoc
819 2223 928 2306 sciret,
951 2223 1159 2304 interroganti

75 2327 221 2410 narravit,
266 2345 305 2389 ae
334 2326 472 2408 quodam
509 2326 616 2390 disin
642 2327 745 2390 mariti
779 2326 961 2389 dormientis
974 2371 985 2411 ,
1029 2327 1081 2408 qui
1102 2328 1163 2408 rpsi

73 2429 214 2495 inedium
234 2433 395 2516 venisset,
417 2431 595 2515 propinquo
614 2431 752 2514 sedisse,
776 2449 871 2514 quum
881 2448 1015 2518 serparp
1038 2432 1161 2495 adeius

76 2547 270 2617 exporrectos
293 2538 395 2619 pedes
417 2539 582 2620 reperisset
624 2538 780 2619 llodjrum
802 2547 908 2602 autern
930 2539 1031 2619 pedes
1058 2537 1100 2601 ad
1123 2555 1164 2600 so

78 2643 255 2732 adnuisse,
279 2656 311 2709 et
331 2665 427 2729 quum
449 2647 491 2710 ad
513 2665 642 2710 manum
674 2646 977 2733 adpropinquasset,
1014 2644 1161 2728 eandem,

76 2757 102 2811 et
120 2769 210 2834 quum
229 2753 307 2816 inde
328 2751 506 2816 dedectens
528 2751 570 2815 ad
589 2753 742 2816 ronchum
763 2751 936 2814 emittentis
963 2758 1061 2829 caput
1080 2768 1159 2830 pro-

75 2856 137 2933 pius
156 2861 364 2936 accessisset,
379 2877 453 2922 oum
474 2859 583 2922 statim
603 2858 785 2920 surrexisse
807 2856 981 2919 dicentem:
1005 2853 1088 2933 Quid
1110 2864 1162 2918 est

75 2959 151 3027 lrocl
171 2987 188 3028 o
209 2959 335 3030 Hindal
358 2965 405 3029 Se
423 2978 530 3030 antem
552 2964 635 3049 inde,
659 2963 742 3047 quod
764 2970 946 3045 serpentem
973 2981 1036 3060 non
1056 2959 1161 3026 vidia·-

76 3077 130 3149 set,
148 3072 386 3136 'excusationem
408 3073 549 3154 petiisse.
592 3070 740 3135 Sadusns
760 3072 824 3134 ista
842 3069 942 3130 verba
964 3068 1098 3131 audiens
1118 3069 1160 3133 ad

77 3169 220 3256 llodjrum
241 3179 343 3241 rediit·
357 3188 390 3240 et
410 3199 452 3240 ex
473 3178 624 3260 pharetrc
645 3175 791 3258 dactylos
812 3174 980 3238 effundens
1002 3175 1102 3238 dixit:

140 3327 247 3435 οὓ
272 3299 399 3436 ”³3²5
425 3309 520 3444 ert-⁶⁵
543 3308 597 3414 ll*
648 3299 731 3444 „iz
745 3286 1081 3434 diffidi?
1173 3329 1176 3338 ’

79 3459 205 3569 „ll'ados
226 3515 370 3559 rumores
390 3505 582 3578 spargentes
603 3494 644 3558 ad
665 3505 698 3558 te
715 3503 872 3558 venerunt
900 3513 974 3558 cum
995 3513 1030 3555 re
1051 3493 1156 3578 dubia,
1168 3527 1183 3538 ’-

112 3615 199 3679 quum
220 3611 329 3666 mento
349 3603 473 3666 attoniti
494 3612 617 3686 essent,
639 3612 674 3665 et
696 3622 759 3686 ego
782 3621 850 3666 rom
871 3611 994 3666 certam
1009 3600 1159 3666 tihinun·

111 3695 184 3758 tio.“
222 3703 365 3764 ltletruur
380 3700 491 3765 Wallr
512 3711 571 3764 est.
593 3721 623 3782 p.
645 3702 717 3764 aut.

147 3795 286 3879 llodjrus
306 3797 455 3880 audiens,
485 3819 570 3882 quae
591 3799 699 3863 Hinda
718 3795 1006 3862 Ebu-Mondalalro
1026 3811 1159 3856 narras-

79 3906 133 3980 set,
150 3907 289 3968 nuntium
310 3925 424 3969 verum
454 3925 530 3969 esse
559 3927 622 3970 non
649 3905 805 3969 dubitavit
833 3915 866 3968 et
890 3923 968 3987 prae
994 3899 1160 3963 iracundia

78 4001 191 4081 plantae
231 4011 341 4074 Moror·
373 4014 552 4094 appellatae
584 4013 661 4076 lolia
687 4011 760 4076 edit.
802 4011 895 4091 Quae
932 4009 1007 4072 lolis
1060 4021 1159 4089 quum

78 4106 131 4188 ipsi
146 4133 259 4180 noxam
280 4135 344 4182 non
365 4119 547 4205 adferrent,
575 4123 691 4203 quippe
719 4138 815 4202 quum
852 4117 1048 4182 camelorum
1074 4112 1160 4174 labia

79 4230 236 4287 excomm
258 4233 355 4305 pastu
375 4233 603 4312 corrugeutur,
644 4245 821 4309 cognomen
840 4224 904 4322 ‚lssl
930 4223 991 4308 psl
1028 4217 1158 4306 „Edono
