2838 5024
699 307 928 376 „343-

197 509 199 515 '
263 505 365 571 utrem
395 494 584 578 portandum
604 497 635 559 in
665 515 718 560 me
746 495 894 578 srrscepi,
922 513 987 579 qna
1021 515 1057 560 ro
1070 496 1130 560 iter
1157 493 1351 579 eguinum.

264 601 443 666 Adhibetur
464 601 505 665 de
525 602 681 664 molestiis
702 600 743 664 ob
763 602 886 665 socium
906 604 1078 684 susceptis
1099 601 1261 668 Referunt
1280 619 1348 684 qno-

266 729 329 793 que
351 709 479 793 legendi
500 709 645 773 modum:
667 711 740 794 opit
767 717 899 795 wc>

268 1179 329 1250 95.
379 1173 509 1246 Omnia
535 1175 782 1248 instrumente
807 1175 912 1274 panis
938 1171 1039 1277 apud
1065 1198 1123 1246 me
1148 1181 1237 1244 sttnt
1265 1195 1353 1274 prae·

375 1317 433 1374 ter
459 1300 564 1376 ilium
591 1305 779 1403 (panem).

351 1449 516 1513 Proverbii
537 1449 644 1534 huius,
667 1448 751 1532 qnod
773 1448 932 1514 deiectum
954 1451 1000 1514 rei
1021 1447 1193 1533 signifieat,
1215 1449 1355 1533 originem

266 1555 362 1617 tatem
377 1556 480 1618 fnisse
500 1565 635 1619 narrant
662 1557 817 1624 Homines
836 1555 877 1620 ad
898 1556 1055 1638 hospitem
1070 1565 1237 1620 venerant.
1261 1557 1351 1618 Post·

265 1679 361 1744 qnam
380 1641 616 1746 discubuerant,
638 1681 785 1744 mappam
806 1662 858 1724 ille
879 1662 1041 1746 expandit,
1066 1680 1164 1745 super
1178 1663 1232 1725 iiia
1252 1664 1353 1726 motin

268 1775 387 1857 posuit,
410 1791 544 1854 eamque
560 1793 620 1834 non
643 1773 766 1834 iniectis
783 1773 893 1854 granis
906 1774 1133 1838 circumvertit.
1176 1774 1279 1852 Quam
1300 1789 1356 1834 ren

266 1878 415 1966 videntes
446 1897 543 1960 quum
564 1878 811 1963 interrogarent,
841 1879 916 1962 quid
944 1888 1075 1966 ageret,
1103 1881 1164 1942 iilis
1187 1880 1291 1948 verbis
1312 1897 1357 1939 re·

269 1985 406 2069 spondit.

568 2175 581 2210 ³
661 2171 702 2212 ..Ι
787 2179 892 2216 ona

460 2153 587 2360 0¹³³*
624 2212 709 2306 ne
748 2213 932 2370 „mue
967 2157 1054 2330 ist
1118 2226 1156 2310 n

844 2351 863 2374 θ

269 2453 328 2528 96.
380 2451 478 2528 Num
513 2455 631 2527 omnis
668 2469 788 2526 assuta
823 2451 918 2526 haee
956 2477 1044 2527 caro
1080 2469 1201 2526 vestra
1241 2451 1357 2550 onagri

379 2595 568 2652 veretrum
597 2582 673 2651 est?

350 2745 535 2832 Proverbii‚
588 2745 671 2827 quod
705 2745 813 2828 piures
847 2764 899 2810 res
933 2765 1053 2830 pravas
1091 2745 1193 2829 gradu
1223 2745 1299 2808 inter
1325 2759 1359 2804 se

266 2852 419 2934 aequales
433 2871 520 2935 esse,
536 2852 709 2934 significat,
723 2853 877 2936 originem
899 2853 949 2916 sio
971 2851 1184 2918 tradiderunt:
1205 2854 1285 2915 'frea
1306 2847 1356 2910 viri

271 2976 353 3018 unus
370 2959 529 3042 Fesarita,
545 2959 626 3021 altor
647 2958 796 3041 Ahbsita,
821 2960 933 3023 tertius
946 2959 988 3023 ad
1011 2969 1140 3044 gentem
1162 2951 1359 3022 Ahbd-Aiiair

271 3059 520 3125 bon-Ghathsan
541 3065 703 3146 pertinens
722 3084 874 3148 onagrum
892 3069 1000 3128 venati
1024 3075 1122 3129 erant.
1166 3066 1357 3145 Quemqnum

271 3171 313 3233 ad
341 3172 446 3235 cibum
477 3182 722 3254 praepararent,
751 3174 899 3236 Fesarita
928 3175 967 3236 ob
989 3194 1054 3236 rem
1076 3175 1137 3257 ipsi
1158 3173 1357 3236 necessariam

274 3279 365 3340 exire
399 3287 533 3342 coactns
564 3288 641 3341 erat.
686 3279 916 3344 Convenerunt
945 3282 1042 3363 igitur
1065 3282 1147 3343 inter
1173 3297 1213 3343 se
1240 3277 1312 3364 dno,
1329 3282 1358 3337 ut

272 3391 435 3446 veretrum
479 3384 679 3448 dissecarent
719 3394 752 3447 et
784 3388 844 3448 snb
882 3404 979 3448 carne
1021 3396 1134 3449 assata
1171 3387 1357 3450 occultarent

275 3489 418 3554 Atrtdira
437 3501 544 3554 autem
573 3494 717 3555 rutahnlo
747 3512 884 3556 movens
908 3479 1023 3576 ¹ignem
1052 3495 1152 3556 bonas
1181 3485 1358 3576 perterriti

273 3599 427 3680 socioque
449 3600 560 3682 elegit,
582 3601 751 3662 Fesaritae
772 3607 877 3662 autem
899 3602 1017 3662 veretri
1039 3610 1210 3682 segmento
1225 3595 1357 3682 porrexit

277 3708 342 3770 llio
364 3706 586 3770 manducando
606 3706 723 3770 bonnm
746 3726 808 3771 non
831 3725 907 3770 esse
929 3707 1090 3789 sentiens,
1121 3706 1206 3769 atiud
1232 3704 1358 3789 postuta-

278 3815 339 3897 vit‚
361 3826 395 3878 et
416 3835 514 3898 quum
536 3833 663 3895 semper
684 3814 767 3876 idem
790 3795 984 3895 accepisset
1004 3814 1122 3896 verba,
1158 3831 1240 3896 qrrae
1260 3819 1357 3892 poster

271 3925 302 3986 in
325 3923 485 4005 proverbii
505 3922 773 3985 consuetudinem
794 3931 965 4000 venerunt,
987 3921 1072 3986 dixit.

512 4073 552 4104 mu
672 4078 689 4098 a

478 4104 511 4140 a)

442 4101 1106 4299 ὶῃὶὶᾼὲὲῖᾆύψὶἱ
1179 4155 1224 4232 tv
