2890 5028
690 349 726 364 -
773 319 909 381 524-

238 511 460 591 cxpiioandum
483 512 572 574 utiiia
592 516 679 589 stant,
711 525 751 568 ea
772 503 1058 568 Atmoiarihdheius
1084 505 1330 568 ben-Monam-

239 615 309 676 med
332 617 491 680 Dhabbits
512 617 552 679 ad
575 613 775 696 proverbium
798 611 877 692 Cap.
900 613 960 692 Vi,
992 611 1038 674 10.
1068 613 1220 674 rrarravit„
1264 613 1332 674 Ab·

237 721 449 802 schamsns')
461 718 560 784 fliius*
571 719 847 785 sahi-bon-Said
861 721 974 780 Manat
987 718 1207 802 ben-Tamim,
1222 740 1334 782 nomon

238 828 496 891 Ahbd-Aiohssa
517 847 636 906 gerens
656 828 742 890 facie
763 833 796 888 et
817 827 960 906 corporis
981 833 1107 888 statura
1127 827 1266 907 pulcher
1277 847 1336 908 pu·

238 937 329 998 ellam
358 933 660 1015 Athaidjornanijjah
686 933 878 1013 appellatam
905 931 1078 994 Aiahnbari
1107 933 1205 996 flliam
1231 933 1338 994 vohe-

237 1051 358 1104 menter
379 1042 516 1105 amabat.
558 1041 622 1102 Hic
642 1058 798 1102 armornm
820 1040 853 1100 vi
886 1057 980 1120 quum
1002 1039 1041 1100 ab
1064 1057 1104 1099 oa
1131 1039 1337 1122 retineretur,

237 1167 311 1211 eum
341 1148 517 1211 defendens
553 1147 737 1208 Atheritsus
766 1144 941 1207 ben-Cahb
971 1147 1001 1206 in
1029 1145 1111 1226 pede
1141 1148 1337 1208 vulneratus

237 1265 297 1330 est,
318 1262 352 1317 et
373 1254 558 1317 claudicans
586 1272 766 1336 cognomen
787 1303 813 1370 ὃ
821 1251 894 1350 ,eit
922 1251 1167 1316 claudicans
1195 1257 1338 1337 accepit.

237 1369 483 1432 Ahbschamsus
504 1381 610 1433 autem
633 1387 672 1430 ea
697 1339 887 1451 conditione,
909 1378 944 1432 ut
963 1369 1048 1431 iltius
1065 1371 1224 1431 vulnerati
1247 1371 1339 1452 pedis

236 1479 369 1558 pretium
393 1479 571 1560 solverent,
593 1476 633 1540 ad
657 1495 769 1558 pacem
798 1478 974 1542 faciendum
995 1488 1126 1558 paratus
1147 1487 1236 1558 erat3
1282 1478 1339 1540 sed
1442 1479 1443 1492 ¹

235 1603 319 1666 gens
339 1585 585 1647 Banrr-Ahnhor
612 1584 817 1646 ben-Ahmrn
846 1586 1051 1648 beu-'l'amim
1084 1587 1222 1647 notebst
1268 1589 1339 1649 Ab·

233 1691 405 1753 sobernone
425 1701 530 1754 autem
551 1692 619 1756 sois
646 1690 788 1753 dicebat:
810 1692 847 1754 Si
869 1693 1017 1754 Marinus
1043 1693 1227 1754 ben-Melie
1256 1695 1338 1757 borr-

235 1796 358 1858 Ahmru
378 1781 425 1858 ari
440 1817 501 1860 aros
522 1797 655 1878 pedibus
678 1797 828 1878 prodierit
849 1800 995 1860 vestibus
1016 1807 1121 1861 tectus
1136 1809 1170 1862 et
1190 1813 1335 1884 ornans,

234 1905 349 1966 metam
376 1903 417 1965 de
446 1925 485 1965 co
514 1905 691 1985 opinionem
719 1897 895 1986 concipite!
939 1905 1183 1969 Ahbschamsus
1225 1918 1334 1970 autem

235 2011 360 2073 socium
380 2010 538 2094 quendam
561 2013 641 2073 clam
664 2011 758 2094 misit,
782 2025 816 2073 ut
846 2011 973 2098 occulte
1000 2012 1141 2093 audiret,
1175 2031 1334 2094 quaenam

234 2135 342 2178 eorum
377 2117 408 2178 in
441 2136 476 2178 rc
508 2117 668 2180 sententia
703 2125 800 2178 esset.
849 2117 913 2180 Hic
961 2127 1122 2197 pastorem
1162 2129 1332 2183 canentem
1443 2201 1444 2210 ἦ

235 2223 375 2287 audivit:

334 2325 1226 2487 &intumescentem

233 2547 359 2628 „Pcdis
379 2551 512 2630 pretinm
534 2567 596 2610 non
617 2550 797 2631 solvemus,
826 2550 928 2612 donec
954 2560 1087 2631 apparet
1116 2549 1331 2630 infortunium,

276 2654 362 2736 qnod
383 2675 459 2718 eum
482 2653 631 2736 (pedem)
654 2655 804 2722 oblivioni
827 2655 955 2720 tradit.“

318 2763 457 2825 Metrum
480 2763 576 2827 Serilr
598 2773 658 2826 est.
682 2782 712 2844 p.
734 2763 806 2826 246.

317 2869 408 2945 Quae
430 2888 525 2950 quum
547 2870 774 2932 Ahbschamso
797 2871 941 2934 nuntiata
963 2879 1091 2948 essent,
1132 2887 1212 2932 suos
1232 2877 1329 2930 nomn

233 2969 275 3032 ad
297 2972 381 3033 latus
402 2975 557 3036 secedere
580 2978 685 3060 iussit,
714 2985 750 3039 ut
778 2979 946 3041 tentorium
975 2995 1112 3040 vacuum
1143 2985 1330 3038 remaneret

233 3079 382 3140 Masinns
403 3080 536 3163 iuterim,
559 3085 629 3146 suis
650 3086 851 3165 convocatis,
868 3087 1036 3148 tentorium
1057 3086 1172 3164 cinxit3
1188 3082 1248 3145 sed
1269 3101 1330 3144 nc-

234 3185 349 3249 minem
370 3189 500 3252 invenit
543 3193 624 3254 'l'um
647 3191 894 3255 Ahtrschamsus
914 3190 1228 3274 gemellum-Sahal
1249 3207 1330 3251 con-

233 3303 370 3374 gregate
392 3296 464 3358 ilios
493 3297 646 3363 invadere
677 3301 798 3363 statuit.
840 3301 950 3362 Nocte
977 3297 1164 3378 tenebrosa,
1208 3297 1239 3357 in
1267 3311 1329 3375 qua

235 3397 346 3460 crebra
366 3399 494 3484 fssura
515 3413 548 3466 et
569 3408 706 3468 tonitrua
727 3415 829 3490 orant,
851 3407 883 3469 in
903 3405 1068 3490 regionem
1097 3404 1145 3466 eis
1173 3401 1328 3464 confinem

233 3505 436 3586 perventens,
457 3526 536 3570 suos
558 3511 726 3591 quiescere
746 3513 857 3592 iussit,
886 3521 920 3573 ut
942 3529 1013 3573 cunr
1032 3512 1159 3572 Aurora
1178 3509 1326 3587 impetum

233 3609 397 3695 facerent,
432 3613 501 3694 ipae
522 3634 601 3678 suos
623 3617 845 3682 circumeundo
869 3618 1075 3692 custodiens,
1097 3635 1137 3678 ne
1159 3615 1229 3696 quis
1250 3631 1327 3693 pro·

233 3719 305 3800 pins
334 3719 376 3782 ad
403 3739 481 3784 snos
498 3723 660 3786 accedens
682 3726 767 3788 hosti
795 3745 862 3790 rom
895 3728 1066 3790 nuntiaret.
1107 3721 1251 3798 Accidit,
1295 3729 1327 3782 ut

232 3831 336 3907 puella
358 3831 656 3914 Athaidjomanijjah
678 3837 848 3917 appellata,
872 3855 967 3917 quum
987 3836 1158 3899 menstruis
1179 3834 1325 3897 loborans

234 3960 254 4002 a
281 3948 399 4025 geute,
434 3947 469 4004 nt
489 3961 559 4006 mos
591 3945 734 4028 ferebat,
764 3951 914 4026 separate
945 3943 1102 4006 habitaret
1136 3952 1169 4005 ot
1201 3941 1327 4004 inimice

234 4049 360 4113 lucente
402 4051 663 4114 Ahbschamanm
691 4052 825 4114 videret.
848 4051 907 4112 illa
927 4053 1033 4114 stetim
1056 4069 1123 4111 rcrn
1145 4049 1226 4130 patri
1243 4065 1325 4106 nun·

256 4221 283 4284 1)
301 4216 435 4299 quasise
460 4229 627 4278 contractura
646 4229 739 4276 estex
759 4215 853 4298 ff
878 4233 961 4296 εγω
985 4221 1142 4290 „Splendor
1158 4219 1250 4272 solis“.
