2920 5036
709 276 941 362 ..m-

231 485 236 494 ·
304 466 375 530 eius
398 471 452 528 eet
469 429 640 546 pe'rentore
668 459 775 544 gladio
796 459 935 540 entique.
979 455 1075 538 Quod
1096 456 1126 520 si
1146 456 1202 520 tibi
1226 454 1286 518 dut
1305 456 1363 533 vir,

306 581 453 656 ornatum
479 573 603 647 sinon,
629 569 786 633 interdum
814 585 933 650 peneus
963 575 1014 629 est
1034 568 1065 628 in
1087 581 1203 648 puueo,
1225 573 1369 666 perator.

349 713 481 780 Suhdus
499 721 618 795 eutem,
633 711 685 793 qui
706 730 747 774 ex
769 708 883 772 evibtrs
897 708 1004 771 futuru
1019 705 1257 792 eognosoebat,
1281 702 1369 767 dixit:

266 825 338 885 Iuro
350 868 362 905 ‚
391 822 553 885 mulierem
581 821 674 900 inter¹
696 817 838 880 oemelos
867 815 977 878 morbo
1002 833 1087 914 05¹⁸
1118 813 1311 876 inherentes
1343 821 1372 872 et

266 947 407 1008 eumelus
435 963 545 1026 porum
572 942 666 1004 iretis
691 941 847 1004 hebentes
869 940 1030 1021 captivum
1052 948 1085 1000 te
1105 938 1267 1000 foetmnm
1292 955 1372 998 esse.

201 1080 208 1106 ι
265 1052 310 1114 ut
336 1067 419 1112 oves
445 1049 521 1113 mihi
552 1049 752 1127 nuntiarunt,
783 1048 878 1110 elium
910 1064 1004 1128 quom
1032 1065 1084 1108 ruo
1112 1053 1145 1107 te
1164 1045 1373 1109 liberaturum

266 1174 329 1219 non
350 1173 437 1219 esso.
479 1156 564 1218 'l'um
594 1152 782 1236 Djoudobus
801 1153 898 1215 dixit:
920 1153 1065 1230 Minime,
1081 1171 1154 1216 nom
1175 1161 1211 1215 tu
1231 1150 1373 1232 pavidus

268 1277 323 1344 os,
368 1261 534 1328 umorum
571 1260 809 1324 consttutionem
845 1258 934 1340 fugis
961 1267 994 1320 et
1021 1258 1154 1320 eueiiirts
1183 1275 1288 1320 umes
1330 1258 1373 1320 Se

178 1412 197 1436 v
266 1375 466 1448 separarunt
510 1369 669 1449 Tempore
708 1363 909 1449 pmoterlepo
950 1363 1139 1446 Djondtbus
1184 1382 1269 1445 equo
1312 1382 1373 1425 ve·

266 1474 348 1536 hens
369 1482 520 1537 venetum
548 1475 634 1537 exiit
677 1471 825 1537 lnoideos
847 1479 956 1535 nutem
976 1473 1008 1534 io
1028 1489 1157 1534 servem
1179 1471 1371 1534 'l'ttmimito-

267 1600 359 1663 rum,
388 1600 483 1663 qutun
514 1601 533 1644 e
560 1591 659 1666 gente
686 1579 842 1660 Djorhem
870 1589 972 1642 ortum
1005 1597 1080 1642 esse
1107 1578 1247 1662 tradunt,
1281 1579 1371 1642 dixit:

268 1690 336 1751 Aut
375 1698 410 1752 to
428 1733 431 1740 -
449 1687 524 1750 mihi
563 1687 673 1750 trudes
711 1689 796 1751 lueto
838 1695 893 1749 aut
930 1686 1057 1767 petieris
1094 1679 1233 1748 ooooto!
1296 1686 1371 1760 uu:

270 1793 374 1856 Lente
409 1788 510 1876 egos!
536 1794 598 1857 Vir
611 1801 753 1876 propter
782 1791 951 1856 stultitiam
980 1809 1072 1854 suem
1108 1793 1195 1856 bibet
1220 1809 1262 1854 ex
1284 1801 1370 1857 otro,

269 1920 364 1984 quem
411 1921 474 1966 nou
518 1901 640 1984 ligavit.
681 1903 740 1964 Ille
775 1921 846 1965 enm
888 1900 1069 1982 despiciens
1102 1901 1143 1963 ab
1184 1919 1267 1982 equo
1312 1917 1369 1962 suo

270 2006 446 2072 deseendit.
489 2007 594 2084 Quum
614 2016 724 2072 eutem
745 2009 1033 2090 appropinquasset
1052 2025 1092 2070 ee
1112 2025 1176 2070 une
1196 2024 1257 2070 sun
1277 2025 1369 2070 meno

270 2114 339 2176 eius
366 2132 480 2179 monus
500 2113 669 2199 arripiens,
690 2133 749 2180 ens
771 2116 979 2197 comprimere
997 2135 1060 2178 uon
1091 2115 1246 2196 oessovit,
1269 2113 1370 2176 donee

270 2237 328 2282 ees
359 2241 580 2287 inoverenon
607 2231 729 2303 posset.
772 2223 854 2286 Tum
882 2223 1007 2286 hoboud
1035 2223 1109 2310 equi
1127 2222 1275 2286 munibus
1298 2231 1370 2304 post

270 2332 396 2406 tergum
418 2327 528 2410 ligetis
547 2347 689 2410 vespere
703 2347 774 2392 oum
787 2329 957 2410 pecoribus
979 2325 1107 2393 domum
1122 2327 1279 2390 recedens
1300 2347 1369 2390 eum

270 2448 390 2494 oeneus
415 2435 553 2516 propulit
582 2443 616 2498 et
642 2434 738 2500 uixit:
766 2436 821 2500 Ne
849 2436 985 2518 postheo
1005 2454 1025 2499 e
1045 2436 1318 2502 remoraturum
1339 2447 1368 2496 te

270 2555 347 2600 esse
364 2548 472 2623 putes,
494 2549 529 2604 tn
549 2543 632 2604 enim
653 2559 806 2606 ooourros
827 2551 972 2624 strenuo,
996 2543 1090 2606 simul
1112 2543 1153 2606 od
1174 2562 1290 2626 equum
1308 2559 1366 2605 ee·

270 2642 418 2727 oedenfi,
448 2654 482 2708 et
502 2648 662 2730 serpenti,
685 2648 739 2729 qui
759 2649 836 2712 vivo
863 2649 1036 2712 insidietur.
1077 2651 1168 2714 Dixit
1189 2652 1367 2726 (narrator)

270 2751 445 2817 'l'rensions
463 2759 570 2816 eutem
600 2751 641 2813 ed
676 2753 839 2836 Sehdum,
878 2756 932 2836 qui
963 2758 1103 2819 nemetes
1133 2773 1214 2820 suos
1244 2755 1367 2820 domun

271 2854 422 2936 ducebat,
444 2854 539 2920 dixit:
562 2854 591 2919 0
613 2850 840 2939 Sehdeiopem
861 2861 937 2922 mihi
955 2855 1020 2923 ter!
1037 2861 1169 2926 Sohdus
1191 2869 1297 2926 eutem
1316 2879 1368 2922 re-

270 2961 414 3041 spondit:
439 2961 584 3026 Peridus
613 2981 707 3044 opem
727 2983 791 3028 non
812 2965 883 3030 fert
924 2967 1114 3048 Djondebus
1134 2977 1205 3033 tunt
1226 2968 1318 3030 dixit:
1340 2967 1367 3030 0

269 3068 319 3128 vir
335 3049 527 3149 'generorum
563 3071 816 3135 remuneratione
845 3067 974 3154 dignos!
1005 3075 1107 3157 Opem
1134 3076 1184 3138 fer
1207 3075 1295 3138 tratri
1314 3082 1367 3136 tuo

269 3172 341 3236 eive
359 3174 493 3240 iniustus
505 3173 578 3238 sive
592 3175 704 3238 iniurie
716 3175 865 3240 autentos
880 3185 940 3240 est
963 3179 1046 3240 'l'um
1058 3177 1221 3242 uooedens
1242 3177 1367 3244 Sehdus

269 3299 342 3344 eum
375 3281 522 3346 liberauit
558 3290 592 3346 et
630 3279 722 3346 dixit:
743 3282 818 3346 Nisi
838 3283 998 3366 dioorout,
1020 3304 1072 3348 me
1093 3283 1258 3348 mulierem
1281 3285 1367 3348 ooni-

269 3383 376 3470 disse,
420 3397 454 3452 te
488 3387 679 3454 onoiderom.
720 3390 803 3452 'l'um
838 3390 890 3453 illu
925 3389 1012 3453 dixit
1061 3391 1213 3474 Minime,
1253 3391 1368 3454 fretun

270 3491 353 3552 enim
375 3511 438 3554 nou
460 3503 528 3577 est,
550 3504 587 3558 ut
601 3493 674 3558 ovis
695 3503 751 3558 tue
773 3497 958 3559 mentiretur
979 3507 1012 3558 et
1032 3497 1114 3560 elius
1135 3515 1229 3579 quem
1250 3505 1286 3560 tu
1309 3515 1366 3559 ve-

272 3613 332 3658 rax
354 3605 453 3660 esset
496 3599 554 3661 Ille
582 3606 691 3662 eutem
720 3597 815 3662 dixit:
841 3601 962 3664 Verum
990 3599 1127 3664 dixisti«

351 3703 463 3767 Verba
483 3713 592 3770 eutem
613 3704 732 3786 duplioi
759 3706 854 3770 modo
876 3707 1085 3789 grammatius
1106 3706 1267 3786 explioere
1287 3707 1366 3783 lieet,

267 3817 324 3872 eut
351 3817 387 3872 ut
424 3809 486 3874 duo
517 3819 622 3876 stetur
653 3813 832 3876 eooneetivi
866 3813 930 3876 sint
942 3857 954 3896 ‚
983 3814 1037 3896 qui
1058 3812 1108 3897 ‚ou
1134 3829 1251 3876 vooem
1279 3811 1366 3879 Ab!

267 3930 404 4011 pertinet
430 3940 488 3995 eut
517 3934 570 4013 qui
597 3933 821 4014 opronomine
857 3933 927 4014 (tu)
960 3937 992 3998 in
1019 3936 1207 4018 imperativo
1246 3934 1366 3998 oeouito

267 4035 392 4113 pendet.
442 4036 535 4099 Istud
575 4046 679 4101 eutem
714 4041 921 4104 frutomitntie
970 4039 1109 4104 officium
1141 4033 1248 4103 fratris
1287 4041 1366 4103 omni
1447 4065 1449 4074 ·

266 4139 360 4250 modo
391 4139 562 4208 adiuvandi
580 4150 677 4222 poete
697 4145 847 4210 versibus
869 4149 1030 4228 expressit
1049 4146 1265 4226 sequentibus:
