2890 5028
518 331 816 424 ..pop--

91 516 389 596 Dixitzl‘raacipiam
410 515 504 578 vobis
525 515 637 596 poesin
659 524 810 598 uuquam
824 509 958 580 bonum!
981 525 1047 582 tum
1059 519 1176 602 incepit

92 620 200 682 dicero:

91 729 216 810 „Poenis
245 729 399 806 difficilis,
431 739 464 792 et
499 731 570 792 aius
596 732 685 792 scala
712 732 808 816 ionga
837 741 898 794 est.
941 732 1005 812 Qui
1036 736 1068 796 in
1102 755 1178 799 eaur

90 835 240 898 adscendit
261 820 332 899 eam
353 855 415 898 non
436 854 587 919 noscens,
611 838 679 900 eius
698 857 757 918 pes
779 837 820 900 ad
848 839 987 902 infimum
1010 839 1176 925 delabitur,

90 961 152 1004 uam
172 945 276 1025 poesis
296 945 346 1024 ei,
380 947 434 1024 qui
463 963 534 1006 earn
556 947 672 1007 iniuste
694 953 830 1025 tractat,
852 946 1005 1010 obediens
1025 969 1089 1011 non
1111 957 1173 1011 eat.

91 1050 247 1131 Eleganter
263 1060 295 1114 et
314 1071 393 1133 pure
409 1069 540 1114 carmen
554 1053 662 1116 dicere
676 1054 759 1136 uult⁷
783 1063 815 1116 et
846 1054 1011 1118 barbarice
1042 1055 1074 1118 id
1089 1056 1177 1136 dicit,

92 1159 225 1236 quamvis
239 1160 268 1220 ei
288 1178 417 1239 semper
438 1160 583 1222 inservit.
627 1159 689 1239 Qui
705 1162 837 1224 inimicis
859 1163 980 1246 stigma
991 1164 1095 1244 inurit,
1109 1164 1178 1225 aitte

91 1265 318 1329 instrumentum
340 1263 516 1346 manet“.')

108 1373 265 1435 Dixerunt:
277 1365 515 1454 Praecipenam
530 1374 604 1435 illud
619 1382 673 1436 tuo
685 1376 757 1437 loco
776 1377 816 1436 nii
829 1375 970 1456 prodeat.
980 1377 1087 1439 Dixit:
1102 1375 1177 1458 Ego

91 1481 280 1563 perlongum
304 1481 455 1560 temporis
485 1483 622 1560 spatium
650 1480 781 1542 firmiter
802 1482 902 1544 tultus
930 1501 1018 1544 eram
1039 1493 1072 1544 et
1095 1499 1179 1543 con·

91 1595 133 1647 tra
150 1586 366 1650 aduersarium
387 1607 493 1650 meum
515 1589 631 1650 acriter
658 1588 829 1670 litigabam.
851 1591 948 1652 Nunc
969 1590 1074 1651 anima
1102 1606 1175 1650 mea

94 1693 256 1780 descendit,
279 1705 313 1758 et
333 1699 395 1759 iam
418 1717 481 1758 non
503 1692 783 1776 demittebatur‘fl)

165 1803 333 1864 Dixerunt:
377 1794 550 1884 Praecipe!
578 1822 650 1864 narn
679 1803 755 1864 iilud
782 1812 836 1865 tuo
865 1804 937 1864 ioco
965 1803 1007 1864 nil
1030 1801 1177 1884 prodest:

93 1909 166 1972 Tum
196 1911 339 1992 ploravit.
383 1911 539 1972 Dixerunt
567 1911 680 1991 igitur:
720 1910 789 1972 Cur
821 1909 953 1992 ploras?
984 1911 1089 1972 Dixit:
1130 1908 1179 1972 Ob

94 2018 191 2096 poesin
215 2019 341 2099 bonam,
369 2019 459 2080 cuius
481 2018 581 2080 malus
612 2017 730 2079 relator
757 2025 817 2078 est.
860 2019 1031 2080 Dixerunt:
1074 2017 1181 2081 Prae-

93 2125 152 2205 cipe
171 2128 361 2208 pauperibus
390 2118 474 2188 rem!
518 2127 622 2187 Dixit:
652 2126 820 2206 Praecipio
851 2125 910 2205 iis,
940 2135 976 2187 ut
1000 2134 1118 2209 rogent
1146 2139 1181 2189 et

94 2236 235 2315 praecipio
253 2236 452 2309 hominibus,
481 2243 516 2295 ut
544 2235 583 2296 iis
614 2253 676 2295 non
715 2233 811 2314 dent,
858 2234 1032 2295 Dixerunt:
1062 2234 1182 2294 Manu·

93 2341 167 2402 mitte
177 2359 305 2404 servum
318 2349 421 2422 tuum,
437 2359 509 2402 nam
517 2359 574 2420 per
589 2341 716 2420 triginta
732 2357 832 2400 annos
847 2339 901 2400 tibi
912 2339 1010 2420 pavit.
1025 2339 1132 2401 Dixit:
1147 2339 1182 2398 Ie

95 2460 194 2507 servus
204 2455 264 2527 eet,
280 2444 431 2528 quamdiu
442 2445 472 2506 in
483 2451 567 2506 terra
581 2453 634 2506 eet
656 2444 804 2508 Ahbsita.
825 2448 906 2507 'l'um
918 2445 1014 2510 dixit:
1035 2449 1070 2508 ln
1088 2446 1180 2507 asino

96 2569 155 2613 meo
174 2573 221 2616 rue
241 2555 316 2616 vehi
335 2553 430 2614 sinite
452 2559 484 2612 et
500 2553 617 2612 circum
638 2552 724 2613 hunc
740 2553 853 2614 collem
869 2573 921 2614 me
942 2551 1181 2630 circumducito,

96 2675 157 2722 natu
175 2661 204 2722 iu
228 2662 318 2724 anino
350 2676 530 2742 generosus
558 2668 701 2720 mortuus
723 2680 785 2722 non
808 2667 876 2739 eet3
899 2660 966 2724 fieri
988 2659 1083 2740 igitur
1103 2666 1181 2739 pot·

97 2777 153 2848 est,
191 2779 223 2830 ut
248 2769 396 2832 dominus
426 2786 518 2830 meua
542 2768 758 2830 misericordia
781 2767 843 2829 mei
864 2766 1038 2828 adficiatur.
1079 2767 1180 2828 Eius-

97 2891 148 2953 que
159 2877 248 2958 igitur
268 2878 323 2938 iiiii
340 2875 403 2938 duo
422 2896 493 2938 oum
507 2877 537 2935 io
549 2880 673 2937 asinum
696 2873 895 2935 sustulerunt
909 2881 941 2934 et
958 2873 1027 2934 eius
1043 2871 1181 2934 brachiis

97 2986 185 3061 captia
206 2986 326 3046 circum
348 2985 462 3046 collem
479 2984 603 3047 asinum
617 2982 834 3065 propulerunt,
853 2980 927 3043 dum
939 2981 1008 3062 ipae
1022 2979 1083 3043 hoe
1104 2999 1184 3044 ver·

98 3105 146 3150 sus
166 3089 302 3155 dicebat:
793 3161 800 3177 ,

132 3196 263 3279 Tempus
286 3201 350 3263 mm
373 3197 538 3262 festinavit
558 3207 591 3260 et
603 3198 748 3260 fortunae
759 3207 856 3262 casus
869 3207 1012 3262 vestram
1024 3199 1185 3264 adducere

95 3302 252 3368 orbitatem.
264 3307 414 3369 Contenti
425 3316 531 3369 estote
539 3306 722 3388 festinante,
732 3317 805 3370 nam
814 3316 847 3368 et
862 3325 924 3390 ego
933 3314 1103 3370 contentus
1111 3327 1184 3372 sum

97 3417 124 3468 ot
148 3431 194 3473 me
220 3413 365 3477 dimittite
390 3415 421 3475 in
451 3423 565 3476 terram
596 3413 786 3496 obscuram,
814 3413 1076 3496 quemadmodum
1104 3416 1185 3478 inter

97 3513 178 3579 runa·
197 3520 310 3604 longos
333 3505 690 3600 siruta'demittitur“.³)

168 3627 337 3690 Dixeruut:
381 3627 408 3690 0
439 3619 729 3690 Abu-Malicahe!
769 3629 840 3708 quis
875 3631 1013 3709 optimus
1040 3627 1184 3689 Nabum

96 3741 181 3806 poeta
200 3731 276 3797 esti
297 3735 403 3798 Dixit:
426 3736 501 3796 Hoc
530 3736 691 3816 foramen,
721 3734 848 3815 quando
881 3736 997 3798 bonum
1027 3732 1126 3814 cupit,
1149 3738 1183 3792 et

107 3943 383 3961 “““·“-ι----

113 4061 136 4127 ¹)
151 4070 261 4123 Mettum
278 4071 380 4137 neojen
397 4078 447 4124 eat.
465 4089 488 4136 p.
506 4075 569 4124 881.

111 4171 137 4234 ιἲ)
153 4175 264 4229 Μθῑηιιπ
284 4177 385 4244 DedJea
403 4188 454 4232 est.
473 4196 498 4243 p.
516 4181 576 4234 831.

111 4281 137 4343 ³)
153 4285 262 4338 Mettum
283 4291 372 4341 nostru
392 4295 442 4341 est.
460 4305 482 4342 c.
501 4307 525 4353 p.
547 4293 607 4339 190.
