2908 5028
284 811 367 882 297.
397 801 493 900 Quis
520 817 585 892 est,
611 804 676 904 qui
697 815 898 874 torrentem
920 803 957 876 in
967 803 1177 876 viamauam
1190 800 1374 876 retrudat?

369 937 452 1000 ltem
473 935 647 1018 signifieat,
671 953 752 1016 quae
772 933 883 1014 perfici
904 934 1021 1016 nequit.

288 1359 370 1429 298.
424 1352 519 1449 Quis
553 1353 720 1452 gladium
758 1377 882 1426 meum
923 1356 1010 1426 emit
1048 1369 1083 1426 et
1113 1351 1186 1428 boe
1221 1367 1276 1428 eat
1310 1355 1381 1427 eius
1449 1337 1450 1376 ss

426 1475 575 1578 fulgur?
1126 1483 1129 1490 '

371 1609 509 1672 Metmm
541 1611 637 1674 Sarib
663 1619 714 1672 est
750 1631 778 1674 c.
808 1632 836 1692 p.
857 1610 929 1674 245.
972 1609 1274 1692 Almol'adbdbelus,
1298 1607 1381 1689 dixit,

287 1715 715 1781 Alharitsumbeu-'l'lrsalim
731 1720 895 1781 Murritam
911 1717 1021 1779 verbis
1042 1717 1133 1780 hisee
1147 1718 1280 1808 primum
1295 1721 1381 1778 usum

290 1839 374 1884 ease.
418 1821 561 1886 Causam
584 1843 691 1887 eorum
719 1827 815 1887 talem
837 1827 941 1887 fuisse
962 1832 1104 1886 narrant:
1127 1819 1284 1886 Claalidns
1306 1821 1382 1882 ben·

289 1926 426 2008 Djabfar
446 1929 621 1992 ben-Cilab
644 1930 814 1994 Sobairum
835 1929 1117 2016 ben-Diadeimab
1139 1929 1309 1990 Abboitam
1330 1944 1383 1989 oo-

290 2033 419 2096 oiderat.
469 2033 615 2096 Huiusce
624 2036 697 2096 arei
741 2053 841 2098 cama
875 2035 1050 2096 vindictam
1087 2035 1194 2115 gentis
1225 2031 1383 2095 Gbetbl‘ao

246 2135 251 2144 '
289 2123 436 2200 metuens
464 2137 505 2201 ad
533 2135 766 2202 Alnobmannm
795 2159 832 2209 se
861 2142 890 2203 in
919 2137 989 2200 eius
1018 2139 1195 2200 clientelam
1230 2136 1381 2217 recipiens

287 2244 440 2325 oonsugit.
463 2243 510 2306 lbi
527 2263 612 2318 ‚oum
641 2246 738 2307 fratre
757 2265 816 2308 suo
841 2245 989 2308 Obtbabo
1010 2243 1229 2322 ban-Djahl'ar
1252 2244 1381 2324 benigne

286 2357 443 2429 exceptus
453 2349 494 2412 atl
503 2351 606 2414 eibum
616 2352 868 2432 soeietatemque
882 2351 969 2434 regis
991 2350 1153 2413 admissus
1176 2335 1239 2412 est
1260 2349 1380 2412 Interim

287 2455 410 2518 Kaieus
445 2459 658 2522 ben-Sobair
693 2459 809 2521 bellum
845 2467 955 2520 eontra
990 2467 1119 2539 gentem
1146 2448 1381 2520 Banu-Abmir

284 2583 401 2645 paraus
437 2561 476 2628 ab
505 2568 643 2640 irruente
663 2567 768 2628 hiemo
804 2566 1040 2646 impediebatur.
1092 2567 1246 2628 Haritsus
1281 2572 1380 2626 autem

284 2671 385 2733 Kaisa
417 2671 513 2754 dixit,
541 2689 578 2734 so
604 2671 818 2754 profecturum
852 2689 946 2752 esse,
976 2679 1012 2733 ut
1045 2670 1211 2734 Chalidum
1248 2667 1380 2746 ooeidtt,

285 2786 318 2839 et
352 2777 454 2839 Kaiso
486 2780 636 2860 monenti,
659 2778 893 2842 Alnobmanum
919 2796 992 2842 eum
1023 2778 1056 2839 in
1084 2778 1265 2840 clientelam
1292 2791 1381 2837 reee-

285 2884 393 2964 piss‘e,
420 2882 618 2946 nibilominus
655 2901 693 2946 se
723 2903 795 2946 eum
827 2885 1010 2946 occisurum
1050 2899 1145 2964 ease,
1175 2882 1238 2944 etsi
1266 2882 1298 2942 in
1323 2879 1381 2941 ΑΙ·

284 2989 432 3050 nobmani
460 2990 581 3070 gremio
603 2999 704 3068 esset,
725 2990 851 3052 iuravit.
893 2989 1072 3068 Albaritsuu
1094 2987 1144 3049 vir
1172 2986 1381 3067 pulcherrimo

282 3111 429 3155 sermone
451 3101 543 3155 utens
565 3101 599 3156 et
626 3113 805 3176 pugnarum
826 3095 967 3157 Arabum
990 3113 1084 3175 quam
1107 3095 1246 3160 maxime
1265 3107 1382 3175 gnaram

283 3199 379 3260 sinrul
401 3197 575 3260 honorifice
597 3199 637 3260 ab
659 3199 861 3264 Alnobmano
891 3199 1118 3280 excipiebatur.
1146 3197 1304 3262 Chalidua
1323 3196 1383 3258 boo

285 3304 400 3368 videns
430 3315 463 3368 et
490 3308 536 3369 ira
559 3324 718 3372 accensus
746 3307 845 3370 dixit:
870 3307 897 3372 0
920 3298 1138 3369 Abu-haila!
1165 3307 1284 3368 Nonne
1310 3301 1381 3368 mibi

284 3414 421 3493 gratiam
443 3414 557 3496 habea,
579 3415 664 3496 quod
689 3415 858 3482 Sobairum
881 3413 1061 3494 occiderim,
1083 3431 1180 3494 quum
1196 3420 1230 3473 tu
1250 3411 1305 3473 illo
1326 3427 1381 3472 oo-

283 3517 352 3578 eiso
379 3519 486 3599 gentis
518 3519 682 3582 Ghatbl'an
708 3520 855 3582 dominus
877 3513 944 3581 ais?
985 3519 1171 3580 Alliariteus
1192 3525 1300 3579 autem
1322 3516 1379 3578 ista

281 3611 384 3684 verba
404 3621 536 3686 audiens
558 3635 693 3688 tremore
715 3638 895 3707 correptus,
916 3635 962 3706 ut,
984 3643 1065 3705 quos
1082 3625 1225 3684 manibus
1247 3628 1381 3700 teneret,
1449 3597 1450 3622 ¹

281 3717 403 3812 ‹lao'tyli
424 3733 454 3792 in
478 3741 593 3796 terram
615 3733 811 3818 deciderent,
833 3733 920 3794 dixit:
944 3734 992 3794 'l'u
1014 3751 1085 3794 eum
1101 3732 1232 3795 ooeiens
1247 3721 1302 3790 eal
1324 3727 1383 3789 At-

283 3835 461 3898 nohmanus
482 3845 587 3900 autem
614 3839 684 3900 eius
705 3841 783 3901 iram
799 3837 976 3900 observans
994 3834 1127 3899 Chalido
1144 3832 1237 3896 dixit:
1265 3834 1327 3895 llio
1351 3839 1383 3892 te

284 3940 419 4004 occidet.
463 3943 618 4006 Chalidua
641 3943 768 4026 quidem
791 3944 957 4006 tentorium
978 3961 1070 4003 suarm
1099 3939 1213 4002 tubulis
1247 3937 1382 3999 invioem

282 4050 410 4112 insertis
433 4049 557 4112 omnino
580 4050 750 4134 clauserat,
772 4049 832 4111 sed
854 4048 1037 4111 Albaritous
1058 4045 1165 4130 gladie
1184 4044 1256 4106 illos
1278 4041 1383 4104 dieru-

286 4155 332 4243 pil
354 4164 388 4217 et
409 4156 574 4220 Cbalidum
597 4179 616 4221 e
637 4176 750 4220 somno
772 4155 1067 4220 excitavitdioeas:
1089 4151 1117 4216 0
1141 4147 1286 4230 Chalida,
1308 4163 1381 4208 num
1449 4145 1450 4200 i

286 4262 417 4342 putasti,
456 4263 584 4326 flohairi
621 4263 810 4345 sanguinem
839 4264 966 4344 impuno
1001 4257 1138 4322 effusum
1173 4249 1273 4320 euseb
1308 4269 1382 4315 eum
