2908 5028
508 319 651 380 -err
700 351 735 398 .-

81 767 130 838 66.
177 765 256 837 Non
283 763 515 837 occurrimus
541 761 609 831 nisi
638 773 720 859 post
746 759 879 830 mensis
905 757 1066 858 spatium

150 889 345 964 Vocabulum
361 899 419 988 ,te
440 885 480 948 ed
504 887 656 964 temporis
676 886 814 966 spatium
836 883 953 964 meins,
968 884 1088 947 mensis
1110 891 1167 946 eut

81 1009 197 1072 duorum
221 1011 375 1073 mensium
400 1011 611 1073 definiendum
632 1010 807 1073 adhibetur.

311 1165 876 1364 &megine

34 1452 44 1478 ·
82 1429 133 1500 67.
179 1429 261 1504 Non
290 1444 343 1503 est
370 1430 448 1503 dies
474 1431 641 1504 Helimue
663 1445 861 1504 ‘secretum

136 1564 169 1622 ln
189 1563 272 1624 omni
293 1581 329 1624 re
350 1565 521 1626 manifeste
543 1573 575 1626 et
596 1574 673 1626 nete
693 1565 861 1626 adhibetur
883 1563 966 1626 cent.
990 1563 1028 1626 C.
1051 1563 1165 1626 XVIII

77 1664 139 1728 222.
178 1667 508 1750 Alrbd-Airehmenus
529 1681 651 1752 petrem
674 1690 766 1734 suurn
789 1671 1092 1734 Almefedhdhelum
1113 1670 1163 1731 sie

76 1790 133 1832 rem
152 1776 297 1837 retulisse
320 1779 476 1839 narravit:
498 1776 605 1854 Quum
627 1775 850 1840 Almendeirue
870 1776 1166 1838 ben-blebsseme

77 1879 103 1939 iu
122 1880 346 1961 expeditionem
367 1885 427 1964 ipsi
448 1885 577 1946 fetelem
600 1903 678 1946 suus
699 1883 861 1965 edueeret,
877 1883 1069 1945 Atheritsue
1081 1882 1165 1944 ben-

78 1984 218 2064 Djebeleb
251 2000 340 2078 netu,
357 1991 457 2052 maier
489 2010 547 2054 rex
577 1988 743 2053 Ghessuni
772 2009 842 2050 eum
870 1991 1039 2050 metuebat.
1083 1988 1164 2049 Erat

77 2093 101 2152 iu
120 2098 254 2157 exercitu
277 2097 471 2163 Atmoodeiri
492 2098 580 2158 viro
609 2106 707 2178 gente
733 2096 997 2178 Banu-Heniseb,
1020 2093 1163 2158 Sebuin-

76 2217 122 2259 rus
139 2202 341 2266 beu-Abmru
370 2206 565 2286 appellatus,
599 2205 690 2265 euius
718 2211 820 2264 meter
850 2211 986 2284 egente
1009 2199 1164 2265 Gbeesan

77 2307 190 2370 oriunda
210 2317 296 2390 eret,
328 2312 382 2391 qui
413 2329 485 2373 eum
516 2312 659 2372 exercitu
687 2311 821 2388 exierat,
843 2318 880 2372 ut
897 2308 941 2371 ‘ed
962 2309 1163 2374 Attierttsom

78 2415 217 2478 transiret.
261 2417 325 2480 Hie
353 2420 449 2501 igitur
470 2419 633 2482 ninuiuo
656 2418 750 2500 dixit,
772 2419 966 2484 Almendsiri
986 2420 1163 2484 exereitum

77 2523 309 2585 numerosiorem
342 2542 437 2608 esse,
471 2545 566 2608 quem
595 2536 629 2590 ut
657 2529 687 2590 ei
708 2531 883 2592 resisteret.
906 2530 979 2608 Que
1005 2529 1046 2590 de
1067 2544 1167 2588 ceusu

77 2625 242 2692 Atheritsus
274 2641 400 2695 eentum
428 2633 515 2696 vires
544 2655 563 2696 e
591 2651 652 2697 eue
683 2639 826 2698 exereitu
848 2637 1040 2698 fortissimos
1065 2633 1166 2713 elegit
1241 2651 1246 2656 ·

77 2737 104 2790 et
120 2734 156 2795 ed
175 2737 366 2802 Almendsiri
388 2742 561 2811 exercitum
581 2741 742 2822 pronoisoi
762 2744 867 2823 iussit,
891 2744 945 2822 qui
968 2741 998 2800 ei
1028 2739 1157 2798 nuntie-

76 2849 142 2922 rent,
153 2859 187 2902 se
199 2842 287 2925 quood
307 2845 336 2906 oi
351 2845 479 2908 deberet
497 2848 627 2908 solvere
642 2856 786 2928 peretum
808 2865 898 2926 esse,
926 2853 959 2906 et
974 2845 1004 2905 si
1018 2843 1158 2905 hostium

76 2949 222 3012 exereitus
254 2952 396 3014 ineuriee
434 2971 471 3014 ee
501 2951 659 3034 traderet,
696 2965 731 3014 ut
761 2952 867 3014 subito
899 2952 930 3012 iu
959 2967 1069 3032 regem
1099 2948 1164 3015 im·

76 3061 169 3128 petum
200 3057 365 3140 fenerent,
403 3059 442 3121 iis
471 3060 648 3139 imperavit.
677 3061 792 3123 Filiam
822 3069 928 3121 eutem
950 3077 1042 3120 suem
1066 3055 1163 3121 Heli-

75 3174 147 3222 mam
173 3165 309 3243 puellum
336 3166 578 3246 pulcherrimam
607 3167 751 3245 singulos
787 3165 994 3227 odoramento
1028 3164 1168 3225 imbuere

73 3262 163 3328 iussit.
204 3271 291 3332 Dum
320 3281 428 3334 eutem
467 3266 650 3334 inundatum
685 3271 749 3334 titio
780 3272 981 3353 perficiebat,
1011 3279 1161 3330 strenuus

74 3368 252 3438 adolescens
279 3373 420 3440 Lebidus
440 3378 644 3440 ben-Abmru
664 3379 858 3460 appellatus,
880 3378 910 3440 ei
932 3377 1043 3440 escula
1065 3373 1170 3440 dedit:

75 3475 137 3552 Quo
156 3479 194 3543 de
214 3503 248 3545 re
270 3502 365 3564 quum
388 3486 493 3565 puelle
513 3484 598 3567 epud
617 3497 739 3567 petrem
761 3493 896 3569 questus
917 3494 1018 3569 esset,
1042 3487 1070 3548 ie
1095 3505 1166 3551 earn

73 3588 171 3646 tenere
190 3591 297 3668 iussit,
319 3592 350 3652 in
371 3591 435 3653 iste
456 3594 538 3654 enim
559 3589 766 3656 adolescente
787 3612 944 3656 summam
959 3612 996 3656 ee
1018 3593 1165 3656 bdueiem

73 3687 189 3757 bebere.
231 3695 388 3758 Mendeto
417 3708 523 3761 eutem
553 3701 608 3761 inti
629 3709 754 3762 eentum
777 3699 985 3781 iuvenes-tite
1006 3699 1175 3762 eetieteei·

74 3795 168 3880 ebant,
181 3793 225 3862 'ut
245 3822 305 3864 rex
327 3803 535 3870 eeeideretur.
578 3804 864 3869 Abul’Heiteemue
885 3815 994 3868 eutem
1015 3803 1169 3880 narravit,

72 3900 187 3968 Arabes
221 3909 385 3970 Belkisom
412 3912 571 3991 appellere
599 3911 767 3974 Halimem.
802 3910 1057 3995 Abrebegbebus
1087 3908 1162 3992 gla-

73 4004 133 4072 dio·
154 4011 342 4078 describens
363 4017 458 4080 istius
479 4018 542 4081 diei
562 4021 753 4084 mentionem
775 4018 870 4086 feeit:

71 4146 212 4280 ned
229 4145 280 4261 ‘e
298 4146 394 4284 ἑὲ
419 4149 467 4245 ⁵³·
492 4149 584 4268 ἑὲ
619 4165 653 4304 ‘o
680 4141 1052 4295 &brebie
1076 4145 1175 4276 ote·

1000 4395 1072 4468 ³9⁴¹
