<?xml version="1.0" encoding="UTF-8"?>
<!DOCTYPE html PUBLIC "-//W3C//DTD XHTML 1.0 Transitional//EN"
    "http://www.w3.org/TR/xhtml1/DTD/xhtml1-transitional.dtd">
<html xmlns="http://www.w3.org/1999/xhtml" xml:lang="en" lang="en">
 <head>
  <title>
</title>
<meta http-equiv="Content-Type" content="text/html;charset=utf-8" />
  <meta name='ocr-system' content='tesseract 3.04.00' />
  <meta name='ocr-capabilities' content='ocr_page ocr_carea ocr_par ocr_line ocrx_word'/>
</head>
<body>
  <div class='ocr_page' id='page_1' title='image "./arabumproverbia02alfgoog/arabumproverbia02alfgoog_0428.png"; bbox 0 0 2864 5030; ppageno 0'>
   <div class='ocr_carea' id='block_1_1' title="bbox 72 484 1265 2823">
    <p class='ocr_par' dir='ltr' id='par_1_1' title="bbox 72 484 1265 2823">
     <span class='ocr_line' id='line_1_1' title="bbox 79 484 1178 574; baseline 0.005 -24"><span class='ocrx_word' id='word_1_1' title='bbox 79 484 176 550; x_wconf 86' lang='lat' dir='ltr'>odiurn</span> <span class='ocrx_word' id='word_1_2' title='bbox 201 503 275 551; x_wconf 86' lang='lat' dir='ltr'>cnm</span> <span class='ocrx_word' id='word_1_3' title='bbox 300 487 471 569; x_wconf 82' lang='lat' dir='ltr'>opulentia.</span> <span class='ocrx_word' id='word_1_4' title='bbox 493 485 616 552; x_wconf 80' lang='lat' dir='ltr'>diendo</span> <span class='ocrx_word' id='word_1_5' title='bbox 632 487 871 552; x_wconf 73' lang='lat' dir='ltr'>vicissitudines</span> <span class='ocrx_word' id='word_1_6' title='bbox 892 497 975 554; x_wconf 90' lang='lat' dir='ltr'>sunt.</span> <span class='ocrx_word' id='word_1_7' title='bbox 998 491 1068 556; x_wconf 80' lang='lat' dir='ltr'>iles</span> <span class='ocrx_word' id='word_1_8' title='bbox 1090 507 1178 574; x_wconf 83' lang='lat' dir='ltr'>quae</span> 
     </span>
     <span class='ocr_line' id='line_1_2' title="bbox 76 591 1178 680; baseline 0.005 -26"><span class='ocrx_word' id='word_1_9' title='bbox 76 591 122 654; x_wconf 80' lang='lat' dir='ltr'>tili</span> <span class='ocrx_word' id='word_1_10' title='bbox 147 591 315 658; x_wconf 72' lang='lat' dir='ltr'>commodo</span> <span class='ocrx_word' id='word_1_11' title='bbox 343 603 414 675; x_wconf 87' lang='lat' dir='ltr'>est,</span> <span class='ocrx_word' id='word_1_12' title='bbox 441 593 503 658; x_wconf 90' lang='lat' dir='ltr'>etsi</span> <span class='ocrx_word' id='word_1_13' title='bbox 531 592 643 657; x_wconf 83' lang='lat' dir='ltr'>debilis</span> <span class='ocrx_word' id='word_1_14' title='bbox 679 611 738 678; x_wconf 84' lang='lat' dir='ltr'>ss,</span> <span class='ocrx_word' id='word_1_15' title='bbox 770 593 825 657; x_wconf 82' lang='lat' dir='ltr'>tibi</span> <span class='ocrx_word' id='word_1_16' title='bbox 852 596 1019 680; x_wconf 75' lang='lat' dir='ltr'>continget</span> <span class='ocrx_word' id='word_1_17' title='bbox 1040 606 1074 659; x_wconf 87' lang='lat' dir='ltr'>et</span> <span class='ocrx_word' id='word_1_18' title='bbox 1093 615 1178 680; x_wconf 83' lang='lat' dir='ltr'>quse</span> 
     </span>
     <span class='ocr_line' id='line_1_3' title="bbox 75 699 1178 784; baseline 0.004 -22"><span class='ocrx_word' id='word_1_19' title='bbox 75 707 174 762; x_wconf 68' lang='lat' dir='ltr'>conca</span> <span class='ocrx_word' id='word_1_20' title='bbox 195 708 230 762; x_wconf 85' lang='lat' dir='ltr'>te</span> <span class='ocrx_word' id='word_1_21' title='bbox 268 708 340 781; x_wconf 87' lang='lat' dir='ltr'>est,</span> <span class='ocrx_word' id='word_1_22' title='bbox 368 718 441 761; x_wconf 85' lang='lat' dir='ltr'>earn</span> <span class='ocrx_word' id='word_1_23' title='bbox 469 717 544 763; x_wconf 86' lang='lat' dir='ltr'>oum</span> <span class='ocrx_word' id='word_1_24' title='bbox 565 699 681 762; x_wconf 88' lang='lat' dir='ltr'>robore</span> <span class='ocrx_word' id='word_1_25' title='bbox 702 707 759 764; x_wconf 87' lang='lat' dir='ltr'>tuo</span> <span class='ocrx_word' id='word_1_26' title='bbox 781 718 843 762; x_wconf 90' lang='lat' dir='ltr'>non</span> <span class='ocrx_word' id='word_1_27' title='bbox 864 701 1014 784; x_wconf 82' lang='lat' dir='ltr'>repelles.</span> <span class='ocrx_word' id='word_1_28' title='bbox 1054 701 1178 766; x_wconf 83' lang='lat' dir='ltr'>invidia</span> 
     </span>
     <span class='ocr_line' id='line_1_4' title="bbox 74 801 1176 889; baseline 0.003 -22"><span class='ocrx_word' id='word_1_29' title='bbox 74 805 194 867; x_wconf 79' lang='lat' dir='ltr'>morbus</span> <span class='ocrx_word' id='word_1_30' title='bbox 230 815 301 889; x_wconf 85' lang='lat' dir='ltr'>est,</span> <span class='ocrx_word' id='word_1_31' title='bbox 331 807 383 868; x_wconf 91' lang='lat' dir='ltr'>cul</span> <span class='ocrx_word' id='word_1_32' title='bbox 412 804 586 868; x_wconf 80' lang='lat' dir='ltr'>remedium</span> <span class='ocrx_word' id='word_1_33' title='bbox 608 813 755 869; x_wconf 85' lang='lat' dir='ltr'>nonest</span> <span class='ocrx_word' id='word_1_34' title='bbox 797 801 957 871; x_wconf 81' lang='lat' dir='ltr'>Gaudium</span> <span class='ocrx_word' id='word_1_35' title='bbox 981 809 1021 872; x_wconf 85' lang='lat' dir='ltr'>ob</span> <span class='ocrx_word' id='word_1_36' title='bbox 1042 809 1176 873; x_wconf 87' lang='lat' dir='ltr'>aliorum</span> 
     </span>
     <span class='ocr_line' id='line_1_5' title="bbox 74 903 1176 994; baseline 0.002 -20"><span class='ocrx_word' id='word_1_37' title='bbox 74 911 268 975; x_wconf 74' lang='lat' dir='ltr'>cshrnitates</span> <span class='ocrx_word' id='word_1_38' title='bbox 289 912 426 992; x_wconf 79' lang='lat' dir='ltr'>punitur.</span> <span class='ocrx_word' id='word_1_39' title='bbox 471 903 536 990; x_wconf 80' lang='lat' dir='ltr'>&#39;Qut</span> <span class='ocrx_word' id='word_1_40' title='bbox 557 909 641 976; x_wconf 80' lang='lat' dir='ltr'>diora</span> <span class='ocrx_word' id='word_1_41' title='bbox 662 907 763 993; x_wconf 85' lang='lat' dir='ltr'>videt,</span> <span class='ocrx_word' id='word_1_42' title='bbox 785 929 825 975; x_wconf 85' lang='lat' dir='ltr'>oo</span> <span class='ocrx_word' id='word_1_43' title='bbox 840 913 1044 994; x_wconf 87' lang='lat' dir='ltr'>conspicitur.</span> <span class='ocrx_word' id='word_1_44' title='bbox 1087 913 1176 976; x_wconf 78' lang='lat' dir='ltr'>Ante</span> 
     </span>
     <span class='ocr_line' id='line_1_6' title="bbox 74 1015 1178 1104; baseline 0.005 -25"><span class='ocrx_word' id='word_1_45' title='bbox 74 1019 185 1082; x_wconf 84' lang='lat' dir='ltr'>iactum</span> <span class='ocrx_word' id='word_1_46' title='bbox 220 1018 392 1100; x_wconf 80' lang='lat' dir='ltr'>pharetrae</span> <span class='ocrx_word' id='word_1_47' title='bbox 434 1015 611 1099; x_wconf 77' lang='lat' dir='ltr'>implentur.</span> <span class='ocrx_word' id='word_1_48' title='bbox 653 1018 855 1082; x_wconf 79' lang='lat' dir='ltr'>Poenitentia</span> <span class='ocrx_word' id='word_1_49' title='bbox 889 1037 961 1083; x_wconf 76' lang='lat' dir='ltr'>cnut</span> <span class='ocrx_word' id='word_1_50' title='bbox 997 1020 1178 1104; x_wconf 77' lang='lat' dir='ltr'>ignorantia</span> 
     </span>
     <span class='ocr_line' id='line_1_7' title="bbox 72 1123 1177 1211; baseline 0.002 -21"><span class='ocrx_word' id='word_1_51' title='bbox 72 1137 118 1190; x_wconf 87' lang='lat' dir='ltr'>est</span> <span class='ocrx_word' id='word_1_52' title='bbox 136 1128 278 1190; x_wconf 86' lang='lat' dir='ltr'>lulcrrun</span> <span class='ocrx_word' id='word_1_53' title='bbox 296 1125 427 1208; x_wconf 80' lang='lat' dir='ltr'>ingenii.</span> <span class='ocrx_word' id='word_1_54' title='bbox 469 1123 686 1188; x_wconf 77' lang='lat' dir='ltr'>disnsoewde</span> <span class='ocrx_word' id='word_1_55' title='bbox 716 1131 769 1190; x_wconf 85' lang='lat' dir='ltr'>est</span> <span class='ocrx_word' id='word_1_56' title='bbox 788 1145 895 1191; x_wconf 80' lang='lat' dir='ltr'>rerum</span> <span class='ocrx_word' id='word_1_57' title='bbox 917 1128 1044 1211; x_wconf 74' lang='lat' dir='ltr'>optima</span> <span class='ocrx_word' id='word_1_58' title='bbox 1087 1128 1177 1192; x_wconf 79' lang='lat' dir='ltr'>llinis</span> 
     </span>
     <span class='ocr_line' id='line_1_8' title="bbox 73 1233 1265 1319; baseline 0 -19"><span class='ocrx_word' id='word_1_59' title='bbox 73 1235 238 1318; x_wconf 57' lang='lat' dir='ltr'>„tinore</span> <span class='ocrx_word' id='word_1_60' title='bbox 264 1243 317 1298; x_wconf 88' lang='lat' dir='ltr'>est</span> <span class='ocrx_word' id='word_1_61' title='bbox 343 1234 463 1297; x_wconf 80' lang='lat' dir='ltr'>auroris</span> <span class='ocrx_word' id='word_1_62' title='bbox 492 1233 699 1298; x_wconf 68' lang='lat' dir='ltr'>coniunctio.</span> <span class='ocrx_word' id='word_1_63' title='bbox 721 1233 787 1314; x_wconf 81' lang='lat' dir='ltr'>Qui</span> <span class='ocrx_word' id='word_1_64' title='bbox 815 1253 888 1300; x_wconf 82' lang='lat' dir='ltr'>raro</span> <span class='ocrx_word' id='word_1_65' title='bbox 908 1235 1039 1319; x_wconf 66' lang='lat' dir='ltr'>virita,</span> <span class='ocrx_word' id='word_1_66' title='bbox 1066 1255 1176 1302; x_wconf 83' lang='lat' dir='ltr'>anrore</span> <span class='ocrx_word' id='word_1_67' title='bbox 1258 1251 1265 1262; x_wconf 93' lang='grc'><strong><em>·</em></strong></span> 
     </span>
     <span class='ocr_line' id='line_1_9' title="bbox 72 1341 1175 1424; baseline -0.003 -16"><span class='ocrx_word' id='word_1_68' title='bbox 72 1351 203 1408; x_wconf 69' lang='lat' dir='ltr'>oeetoet</span> <span class='ocrx_word' id='word_1_69' title='bbox 243 1342 358 1408; x_wconf 69' lang='lat' dir='ltr'>Seno</span> <span class='ocrx_word' id='word_1_70' title='bbox 385 1341 524 1424; x_wconf 83' lang='lat' dir='ltr'>periordo</span> <span class='ocrx_word' id='word_1_71' title='bbox 552 1359 720 1422; x_wconf 74' lang='lat' dir='ltr'>exponere</span> <span class='ocrx_word' id='word_1_72' title='bbox 753 1341 857 1408; x_wconf 76' lang='lat' dir='ltr'>cirris</span> <span class='ocrx_word' id='word_1_73' title='bbox 889 1343 1082 1408; x_wconf 82' lang='lat' dir='ltr'>calanritstis</span> <span class='ocrx_word' id='word_1_74' title='bbox 1110 1353 1175 1408; x_wconf 82' lang='lat' dir='ltr'>est.</span> 
     </span>
     <span class='ocr_line' id='line_1_10' title="bbox 76 1447 1175 1532; baseline -0.001 -18"><span class='ocrx_word' id='word_1_75' title='bbox 76 1452 123 1514; x_wconf 69' lang='lat' dir='ltr'>dx</span> <span class='ocrx_word' id='word_1_76' title='bbox 140 1451 349 1514; x_wconf 73' lang='lat' dir='ltr'>cunctatim</span> <span class='ocrx_word' id='word_1_77' title='bbox 368 1457 401 1512; x_wconf 91' lang='lat' dir='ltr'>et</span> <span class='ocrx_word' id='word_1_78' title='bbox 422 1447 585 1512; x_wconf 74' lang='lat' dir='ltr'>debiliore</span> <span class='ocrx_word' id='word_1_79' title='bbox 602 1449 749 1514; x_wconf 84' lang='lat' dir='ltr'>interitus</span> <span class='ocrx_word' id='word_1_80' title='bbox 769 1451 926 1532; x_wconf 66' lang='lat' dir='ltr'>proruit.</span> <span class='ocrx_word' id='word_1_81' title='bbox 969 1451 1109 1516; x_wconf 79' lang='lat' dir='ltr'>Cuilibet</span> <span class='ocrx_word' id='word_1_82' title='bbox 1128 1451 1175 1514; x_wconf 84' lang='lat' dir='ltr'>rei</span> 
     </span>
     <span class='ocr_line' id='line_1_11' title="bbox 74 1555 1177 1639; baseline -0.001 -17"><span class='ocrx_word' id='word_1_83' title='bbox 74 1555 244 1622; x_wconf 70' lang='lat' dir='ltr'>doneiicri</span> <span class='ocrx_word' id='word_1_84' title='bbox 263 1573 450 1638; x_wconf 64' lang='lat' dir='ltr'>murinus,</span> <span class='ocrx_word' id='word_1_85' title='bbox 472 1555 614 1639; x_wconf 69' lang='lat' dir='ltr'>lingum</span> <span class='ocrx_word' id='word_1_86' title='bbox 643 1557 741 1638; x_wconf 71' lang='lat' dir='ltr'>igitur</span> <span class='ocrx_word' id='word_1_87' title='bbox 770 1563 859 1620; x_wconf 77' lang='lat' dir='ltr'>tuan</span> <span class='ocrx_word' id='word_1_88' title='bbox 887 1557 973 1622; x_wconf 82' lang='lat' dir='ltr'>tens</span> <span class='ocrx_word' id='word_1_89' title='bbox 999 1555 1177 1621; x_wconf 73' lang='lat' dir='ltr'>admisci</span> 
     </span>
     <span class='ocr_line' id='line_1_12' title="bbox 74 1659 1177 1745; baseline -0.004 -17"><span class='ocrx_word' id='word_1_90' title='bbox 74 1663 252 1728; x_wconf 80' lang='lat' dir='ltr'>lliliicultas</span> <span class='ocrx_word' id='word_1_91' title='bbox 278 1663 407 1744; x_wconf 74' lang='lat' dir='ltr'>linguae</span> <span class='ocrx_word' id='word_1_92' title='bbox 428 1678 501 1724; x_wconf 86' lang='lat' dir='ltr'>curu</span> <span class='ocrx_word' id='word_1_93' title='bbox 529 1662 655 1726; x_wconf 87' lang='lat' dir='ltr'>silentio</span> <span class='ocrx_word' id='word_1_94' title='bbox 681 1661 842 1743; x_wconf 74' lang='lat' dir='ltr'>pulchrior</span> <span class='ocrx_word' id='word_1_95' title='bbox 862 1671 933 1745; x_wconf 87' lang='lat' dir='ltr'>est,</span> <span class='ocrx_word' id='word_1_96' title='bbox 962 1679 1058 1745; x_wconf 79' lang='lat' dir='ltr'>quani</span> <span class='ocrx_word' id='word_1_97' title='bbox 1085 1659 1177 1724; x_wconf 82' lang='lat' dir='ltr'>dilii-</span> 
     </span>
     <span class='ocr_line' id='line_1_13' title="bbox 74 1766 1173 1854; baseline -0.004 -18"><span class='ocrx_word' id='word_1_98' title='bbox 74 1773 171 1836; x_wconf 82' lang='lat' dir='ltr'>coltas</span> <span class='ocrx_word' id='word_1_99' title='bbox 192 1770 321 1854; x_wconf 80' lang='lat' dir='ltr'>linguae</span> <span class='ocrx_word' id='word_1_100' title='bbox 343 1786 418 1832; x_wconf 89' lang='lat' dir='ltr'>cunr</span> <span class='ocrx_word' id='word_1_101' title='bbox 439 1786 600 1832; x_wconf 78' lang='lat' dir='ltr'>sermono.</span> <span class='ocrx_word' id='word_1_102' title='bbox 641 1767 815 1834; x_wconf 83' lang='lat' dir='ltr'>Prudentis</span> <span class='ocrx_word' id='word_1_103' title='bbox 836 1777 889 1832; x_wconf 87' lang='lat' dir='ltr'>est</span> <span class='ocrx_word' id='word_1_104' title='bbox 917 1766 1065 1834; x_wconf 83' lang='lat' dir='ltr'>custodia</span> <span class='ocrx_word' id='word_1_105' title='bbox 1086 1767 1173 1850; x_wconf 88' lang='lat' dir='ltr'>eius,</span> 
     </span>
     <span class='ocr_line' id='line_1_14' title="bbox 74 1875 1193 1962; baseline -0.003 -21"><span class='ocrx_word' id='word_1_106' title='bbox 74 1878 151 1962; x_wconf 86' lang='lat' dir='ltr'>quod</span> <span class='ocrx_word' id='word_1_107' title='bbox 179 1877 235 1940; x_wconf 86' lang='lat' dir='ltr'>tibi</span> <span class='ocrx_word' id='word_1_108' title='bbox 262 1877 449 1958; x_wconf 71' lang='lat' dir='ltr'>imperatum</span> <span class='ocrx_word' id='word_1_109' title='bbox 471 1884 523 1938; x_wconf 85' lang='lat' dir='ltr'>est</span> <span class='ocrx_word' id='word_1_110' title='bbox 550 1883 583 1938; x_wconf 86' lang='lat' dir='ltr'>et</span> <span class='ocrx_word' id='word_1_111' title='bbox 610 1875 732 1938; x_wconf 87' lang='lat' dir='ltr'>relictio</span> <span class='ocrx_word' id='word_1_112' title='bbox 758 1876 850 1959; x_wconf 89' lang='lat' dir='ltr'>eius,</span> <span class='ocrx_word' id='word_1_113' title='bbox 878 1893 983 1957; x_wconf 84' lang='lat' dir='ltr'>aquo</span> <span class='ocrx_word' id='word_1_114' title='bbox 1015 1875 1094 1940; x_wconf 84' lang='lat' dir='ltr'>iiber</span> <span class='ocrx_word' id='word_1_115' title='bbox 1129 1892 1193 1946; x_wconf 79' lang='lat' dir='ltr'>es,</span> 
     </span>
     <span class='ocr_line' id='line_1_15' title="bbox 75 1983 1173 2066; baseline 0 -18"><span class='ocrx_word' id='word_1_116' title='bbox 75 1987 171 2050; x_wconf 80' lang='lat' dir='ltr'>lluita</span> <span class='ocrx_word' id='word_1_117' title='bbox 191 1985 362 2050; x_wconf 84' lang='lat' dir='ltr'>admonitio</span> <span class='ocrx_word' id='word_1_118' title='bbox 381 1983 511 2046; x_wconf 79' lang='lat' dir='ltr'>multant</span> <span class='ocrx_word' id='word_1_119' title='bbox 531 1983 747 2066; x_wconf 85' lang='lat' dir='ltr'>suspicionem</span> <span class='ocrx_word' id='word_1_120' title='bbox 768 1984 925 2066; x_wconf 74' lang='lat' dir='ltr'>producit.</span> <span class='ocrx_word' id='word_1_121' title='bbox 965 1983 1030 2065; x_wconf 79' lang='lat' dir='ltr'>Qui</span> <span class='ocrx_word' id='word_1_122' title='bbox 1058 1984 1090 2045; x_wconf 94' lang='lat' dir='ltr'>in</span> <span class='ocrx_word' id='word_1_123' title='bbox 1116 2003 1173 2048; x_wconf 90' lang='lat' dir='ltr'>rc-</span> 
     </span>
     <span class='ocr_line' id='line_1_16' title="bbox 75 2090 1175 2177; baseline -0.005 -21"><span class='ocrx_word' id='word_1_124' title='bbox 75 2093 173 2177; x_wconf 77' lang='lat' dir='ltr'>gnudo</span> <span class='ocrx_word' id='word_1_125' title='bbox 193 2101 394 2177; x_wconf 81' lang='lat' dir='ltr'>perseverat,</span> <span class='ocrx_word' id='word_1_126' title='bbox 416 2094 640 2155; x_wconf 85' lang='lat' dir='ltr'>molestusost</span> <span class='ocrx_word' id='word_1_127' title='bbox 662 2090 727 2170; x_wconf 78' lang='lat' dir='ltr'>Qui</span> <span class='ocrx_word' id='word_1_128' title='bbox 749 2091 862 2153; x_wconf 84' lang='lat' dir='ltr'>altiora</span> <span class='ocrx_word' id='word_1_129' title='bbox 884 2091 975 2172; x_wconf 86' lang='lat' dir='ltr'>petit,</span> <span class='ocrx_word' id='word_1_130' title='bbox 999 2108 1094 2172; x_wconf 82' lang='lat' dir='ltr'>quarn</span> <span class='ocrx_word' id='word_1_131' title='bbox 1116 2108 1175 2171; x_wconf 92' lang='lat' dir='ltr'>pro</span> 
     </span>
     <span class='ocr_line' id='line_1_17' title="bbox 78 2194 1175 2284; baseline -0.006 -19"><span class='ocrx_word' id='word_1_132' title='bbox 78 2199 224 2284; x_wconf 68' lang='lat' dir='ltr'>dignitate</span> <span class='ocrx_word' id='word_1_133' title='bbox 248 2217 320 2280; x_wconf 80' lang='lat' dir='ltr'>sna,</span> <span class='ocrx_word' id='word_1_134' title='bbox 342 2195 461 2282; x_wconf 79' lang='lat' dir='ltr'>dignus</span> <span class='ocrx_word' id='word_1_135' title='bbox 483 2206 555 2278; x_wconf 89' lang='lat' dir='ltr'>ost,</span> <span class='ocrx_word' id='word_1_136' title='bbox 576 2199 630 2280; x_wconf 86' lang='lat' dir='ltr'>qui</span> <span class='ocrx_word' id='word_1_137' title='bbox 651 2197 813 2279; x_wconf 86' lang='lat' dir='ltr'>repulsam</span> <span class='ocrx_word' id='word_1_138' title='bbox 834 2194 926 2260; x_wconf 85' lang='lat' dir='ltr'>ieret.</span> <span class='ocrx_word' id='word_1_139' title='bbox 968 2195 1102 2260; x_wconf 77' lang='lat' dir='ltr'>benitas</span> <span class='ocrx_word' id='word_1_140' title='bbox 1123 2205 1175 2258; x_wconf 83' lang='lat' dir='ltr'>est</span> 
     </span>
     <span class='ocr_line' id='line_1_18' title="bbox 79 2301 1173 2395; baseline -0.005 -22"><span class='ocrx_word' id='word_1_141' title='bbox 79 2309 226 2395; x_wconf 76' lang='lat' dir='ltr'>iricius,</span> <span class='ocrx_word' id='word_1_142' title='bbox 248 2309 407 2392; x_wconf 78' lang='lat' dir='ltr'>asperitas</span> <span class='ocrx_word' id='word_1_143' title='bbox 429 2318 482 2371; x_wconf 85' lang='lat' dir='ltr'>est</span> <span class='ocrx_word' id='word_1_144' title='bbox 503 2301 685 2370; x_wconf 71' lang='lat' dir='ltr'>infelicitas.</span> <span class='ocrx_word' id='word_1_145' title='bbox 707 2305 837 2388; x_wconf 82' lang='lat' dir='ltr'>Optima</span> <span class='ocrx_word' id='word_1_146' title='bbox 856 2301 1030 2370; x_wconf 71' lang='lat' dir='ltr'>liberalitas</span> <span class='ocrx_word' id='word_1_147' title='bbox 1050 2323 1090 2368; x_wconf 83' lang='lat' dir='ltr'>ea</span> <span class='ocrx_word' id='word_1_148' title='bbox 1111 2313 1173 2387; x_wconf 83' lang='lat' dir='ltr'>est,</span> 
     </span>
     <span class='ocr_line' id='line_1_19' title="bbox 80 2404 1174 2502; baseline -0.005 -22"><span class='ocrx_word' id='word_1_149' title='bbox 80 2437 152 2500; x_wconf 82' lang='lat' dir='ltr'>quae</span> <span class='ocrx_word' id='word_1_150' title='bbox 171 2417 314 2502; x_wconf 82' lang='lat' dir='ltr'>egestati</span> <span class='ocrx_word' id='word_1_151' title='bbox 331 2404 532 2479; x_wconf 77' lang='lat' dir='ltr'>&#39;conveniens</span> <span class='ocrx_word' id='word_1_152' title='bbox 552 2421 614 2476; x_wconf 86' lang='lat' dir='ltr'>est</span> <span class='ocrx_word' id='word_1_153' title='bbox 656 2409 786 2493; x_wconf 79' lang='lat' dir='ltr'>Optima</span> <span class='ocrx_word' id='word_1_154' title='bbox 810 2411 909 2474; x_wconf 84' lang='lat' dir='ltr'>venia</span> <span class='ocrx_word' id='word_1_155' title='bbox 928 2429 969 2474; x_wconf 86' lang='lat' dir='ltr'>oa</span> <span class='ocrx_word' id='word_1_156' title='bbox 989 2419 1060 2495; x_wconf 88' lang='lat' dir='ltr'>ost,</span> <span class='ocrx_word' id='word_1_157' title='bbox 1089 2429 1174 2493; x_wconf 85' lang='lat' dir='ltr'>quae</span> 
     </span>
     <span class='ocr_line' id='line_1_20' title="bbox 80 2513 1172 2607; baseline -0.007 -21"><span class='ocrx_word' id='word_1_158' title='bbox 80 2535 146 2606; x_wconf 88' lang='lat' dir='ltr'>post</span> <span class='ocrx_word' id='word_1_159' title='bbox 172 2519 321 2607; x_wconf 84' lang='lat' dir='ltr'>puniendi</span> <span class='ocrx_word' id='word_1_160' title='bbox 362 2528 556 2603; x_wconf 84' lang='lat' dir='ltr'>potestatem</span> <span class='ocrx_word' id='word_1_161' title='bbox 589 2515 713 2582; x_wconf 72' lang='lat' dir='ltr'>dotur.³‘</span> <span class='ocrx_word' id='word_1_162' title='bbox 749 2515 921 2600; x_wconf 83' lang='lat' dir='ltr'>lieislrius,</span> <span class='ocrx_word' id='word_1_163' title='bbox 964 2517 1020 2599; x_wconf 88' lang='lat' dir='ltr'>qui</span> <span class='ocrx_word' id='word_1_164' title='bbox 1046 2515 1078 2578; x_wconf 88' lang='lat' dir='ltr'>iu</span> <span class='ocrx_word' id='word_1_165' title='bbox 1111 2513 1172 2578; x_wconf 77' lang='lat' dir='ltr'>ad·</span> 
     </span>
     <span class='ocr_line' id='line_1_21' title="bbox 84 2623 1175 2708; baseline -0.01 -13"><span class='ocrx_word' id='word_1_166' title='bbox 84 2625 289 2695; x_wconf 67' lang='lat' dir='ltr'>notationibus</span> <span class='ocrx_word' id='word_1_167' title='bbox 316 2628 357 2692; x_wconf 82' lang='lat' dir='ltr'>ad</span> <span class='ocrx_word' id='word_1_168' title='bbox 377 2625 484 2691; x_wconf 80' lang='lat' dir='ltr'>Anuli.</span> <span class='ocrx_word' id='word_1_169' title='bbox 509 2629 591 2690; x_wconf 80' lang='lat' dir='ltr'>Anu</span> <span class='ocrx_word' id='word_1_170' title='bbox 621 2627 660 2690; x_wconf 68' lang='lat' dir='ltr'>&#39;li</span> <span class='ocrx_word' id='word_1_171' title='bbox 688 2624 729 2688; x_wconf 85' lang='lat'>11.</span> <span class='ocrx_word' id='word_1_172' title='bbox 751 2645 780 2708; x_wconf 76' lang='lat' dir='ltr'>p,</span> <span class='ocrx_word' id='word_1_173' title='bbox 808 2623 873 2689; x_wconf 77' lang='lat'>7³0</span> <span class='ocrx_word' id='word_1_174' title='bbox 900 2641 950 2704; x_wconf 86' lang='lat' dir='ltr'>sq.</span> <span class='ocrx_word' id='word_1_175' title='bbox 977 2624 1060 2686; x_wconf 84' lang='lat' dir='ltr'>haec</span> <span class='ocrx_word' id='word_1_176' title='bbox 1073 2623 1175 2684; x_wconf 80' lang='lat' dir='ltr'>verba</span> 
     </span>
     <span class='ocr_line' id='line_1_22' title="bbox 83 2729 1174 2823; baseline -0.015 -17"><span class='ocrx_word' id='word_1_177' title='bbox 83 2740 263 2823; x_wconf 84' lang='lat' dir='ltr'>exscripsit,</span> <span class='ocrx_word' id='word_1_178' title='bbox 293 2738 465 2801; x_wconf 80' lang='lat' dir='ltr'>Actannru</span> <span class='ocrx_word' id='word_1_179' title='bbox 492 2741 610 2798; x_wconf 76' lang='lat' dir='ltr'>octavo</span> <span class='ocrx_word' id='word_1_180' title='bbox 641 2733 742 2816; x_wconf 78' lang='lat' dir='ltr'>iirguo</span> <span class='ocrx_word' id='word_1_181' title='bbox 770 2750 854 2796; x_wconf 84' lang='lat' dir='ltr'>enno</span> <span class='ocrx_word' id='word_1_182' title='bbox 879 2729 962 2793; x_wconf 84' lang='lat' dir='ltr'>diem</span> <span class='ocrx_word' id='word_1_183' title='bbox 992 2743 1174 2809; x_wconf 85' lang='lat' dir='ltr'>supremum</span> 
     </span>
    </p>
   </div>
   <div class='ocr_carea' id='block_1_2' title="bbox 81 2841 910 3126">
    <p class='ocr_par' dir='ltr' id='par_1_2' title="bbox 81 2841 910 3157">
     <span class='ocr_line' id='line_1_23' title="bbox 81 2841 344 2912; baseline -0.027 0"><span class='ocrx_word' id='word_1_184' title='bbox 81 2845 193 2912; x_wconf 71' lang='lat' dir='ltr'>obiisse</span> <span class='ocrx_word' id='word_1_185' title='bbox 212 2841 344 2910; x_wconf 78' lang='lat' dir='ltr'>addidit.</span> 
     </span>
     <span class='ocr_line' id='line_1_24' title="bbox 310 2947 910 3126; baseline -0.008 -1"><span class='ocrx_word' id='word_1_186' title='bbox 310 2967 477 3126; x_wconf 40' lang='lat' dir='ltr'>affl-ss</span> <span class='ocrx_word' id='word_1_187' title='bbox 491 2947 656 3123; x_wconf 52' lang='lat' dir='ltr'>ME</span> <span class='ocrx_word' id='word_1_188' title='bbox 684 2949 789 3112; x_wconf 53' lang='lat' dir='ltr'><strong>m</strong></span> <span class='ocrx_word' id='word_1_189' title='bbox 858 3005 910 3092; x_wconf 50' lang='grc' dir='ltr'>ΓΛ</span> 
     </span>
    </p>
   </div>
   <div class='ocr_carea' id='block_1_3' title="bbox 84 3214 1082 3324">
    <p class='ocr_par' dir='ltr' id='par_1_3' title="bbox 84 3214 1082 3324">
     <span class='ocr_line' id='line_1_25' title="bbox 84 3214 1082 3324; baseline -0.012 -26"><span class='ocrx_word' id='word_1_190' title='bbox 84 3227 137 3300; x_wconf 86' lang='lat' dir='ltr'>ts.</span> <span class='ocrx_word' id='word_1_191' title='bbox 184 3225 345 3302; x_wconf 87' lang='lat' dir='ltr'>Noctem</span> <span class='ocrx_word' id='word_1_192' title='bbox 370 3236 408 3296; x_wconf 88' lang='lat' dir='ltr'>et</span> <span class='ocrx_word' id='word_1_193' title='bbox 433 3217 668 3324; x_wconf 82' lang='lat' dir='ltr'>depressiora</span> <span class='ocrx_word' id='word_1_194' title='bbox 695 3214 803 3295; x_wconf 78' lang='lat' dir='ltr'>vallis</span> <span class='ocrx_word' id='word_1_195' title='bbox 829 3215 912 3294; x_wconf 87' lang='lat' dir='ltr'>loca</span> <span class='ocrx_word' id='word_1_196' title='bbox 936 3215 1082 3308; x_wconf 84' lang='lat' dir='ltr'>(care)l</span> 
     </span>
    </p>
   </div>
   <div class='ocr_carea' id='block_1_4' title="bbox 83 3397 1174 3721">
    <p class='ocr_par' dir='ltr' id='par_1_4' title="bbox 83 3367 1174 3721">
     <span class='ocr_line' id='line_1_26' title="bbox 158 3397 1174 3484; baseline -0.006 -13"><span class='ocrx_word' id='word_1_197' title='bbox 158 3407 247 3471; x_wconf 83' lang='lat' dir='ltr'>linas</span> <span class='ocrx_word' id='word_1_198' title='bbox 266 3424 321 3470; x_wconf 82' lang='lat' dir='ltr'>res</span> <span class='ocrx_word' id='word_1_199' title='bbox 342 3404 508 3469; x_wconf 78' lang='lat' dir='ltr'>cavendas</span> <span class='ocrx_word' id='word_1_200' title='bbox 528 3401 694 3484; x_wconf 79' lang='lat' dir='ltr'>designst3</span> <span class='ocrx_word' id='word_1_201' title='bbox 723 3409 822 3466; x_wconf 91' lang='lat' dir='ltr'>noctu</span> <span class='ocrx_word' id='word_1_202' title='bbox 845 3397 929 3464; x_wconf 81' lang='lat' dir='ltr'>enirn</span> <span class='ocrx_word' id='word_1_203' title='bbox 950 3405 1006 3461; x_wconf 86' lang='lat' dir='ltr'>out</span> <span class='ocrx_word' id='word_1_204' title='bbox 1026 3398 1057 3462; x_wconf 90' lang='lat' dir='ltr'>iu</span> <span class='ocrx_word' id='word_1_205' title='bbox 1079 3397 1174 3466; x_wconf 68' lang='lat' dir='ltr'>vallis</span> 
     </span>
     <span class='ocr_line' id='line_1_27' title="bbox 86 3506 1174 3596; baseline -0.008 -20"><span class='ocrx_word' id='word_1_206' title='bbox 86 3514 158 3578; x_wconf 84' lang='lat' dir='ltr'>iocis</span> <span class='ocrx_word' id='word_1_207' title='bbox 176 3512 432 3596; x_wconf 83' lang='lat' dir='ltr'>depressioribus</span> <span class='ocrx_word' id='word_1_208' title='bbox 458 3509 554 3574; x_wconf 76' lang='lat' dir='ltr'>facile</span> <span class='ocrx_word' id='word_1_209' title='bbox 575 3508 664 3573; x_wconf 85' lang='lat' dir='ltr'>obrui</span> <span class='ocrx_word' id='word_1_210' title='bbox 688 3516 796 3590; x_wconf 86' lang='lat' dir='ltr'>potest</span> <span class='ocrx_word' id='word_1_211' title='bbox 815 3507 873 3571; x_wconf 88' lang='lat' dir='ltr'>vir.</span> <span class='ocrx_word' id='word_1_212' title='bbox 914 3506 1174 3592; x_wconf 65' lang='lat' dir='ltr'>Accusativuse</span> 
     </span>
     <span class='ocr_line' id='line_1_28' title="bbox 83 3609 1173 3721; baseline -0.012 -36"><span class='ocrx_word' id='word_1_213' title='bbox 83 3615 176 3685; x_wconf 67' lang='lat' dir='ltr'>reiro</span> <span class='ocrx_word' id='word_1_214' title='bbox 192 3614 321 3721; x_wconf 54' lang='lat' dir='ltr'>&amp;piavi</span> <span class='ocrx_word' id='word_1_215' title='bbox 344 3632 489 3701; x_wconf 71' lang='lat' dir='ltr'>‚moro</span> <span class='ocrx_word' id='word_1_216' title='bbox 509 3626 542 3680; x_wconf 86' lang='lat' dir='ltr'>tc</span> <span class='ocrx_word' id='word_1_217' title='bbox 561 3609 682 3680; x_wconf 88' lang='lat' dir='ltr'>iuireo“</span> <span class='ocrx_word' id='word_1_218' title='bbox 702 3612 830 3696; x_wconf 83' lang='lat' dir='ltr'>pendet.</span> <span class='ocrx_word' id='word_1_219' title='bbox 872 3613 946 3678; x_wconf 89' lang='lat' dir='ltr'>Noc</span> <span class='ocrx_word' id='word_1_220' title='bbox 972 3631 1034 3675; x_wconf 91' lang='lat' dir='ltr'>non</span> <span class='ocrx_word' id='word_1_221' title='bbox 1067 3611 1173 3674; x_wconf 89' lang='lat' dir='ltr'>nomi-</span> 
     </span>
    </p>
   </div>
   <div class='ocr_carea' id='block_1_5' title="bbox 88 3727 1175 4157">
    <p class='ocr_par' dir='ltr' id='par_1_5' title="bbox 88 3727 1175 4157">
     <span class='ocr_line' id='line_1_29' title="bbox 88 3727 1175 3835; baseline -0.006 -28"><span class='ocrx_word' id='word_1_222' title='bbox 88 3743 178 3807; x_wconf 78' lang='lat' dir='ltr'>notiri</span> <span class='ocrx_word' id='word_1_223' title='bbox 211 3760 313 3808; x_wconf 84' lang='lat' dir='ltr'>casus</span> <span class='ocrx_word' id='word_1_224' title='bbox 350 3742 380 3804; x_wconf 90' lang='lat' dir='ltr'>in</span> <span class='ocrx_word' id='word_1_225' title='bbox 403 3749 539 3822; x_wconf 81' lang='lat' dir='ltr'>utraque</span> <span class='ocrx_word' id='word_1_226' title='bbox 566 3757 651 3803; x_wconf 83' lang='lat' dir='ltr'>voce</span> <span class='ocrx_word' id='word_1_227' title='bbox 681 3737 806 3803; x_wconf 85' lang='lat' dir='ltr'>admitti</span> <span class='ocrx_word' id='word_1_228' title='bbox 824 3747 1006 3822; x_wconf 66' lang='lat' dir='ltr'>potest,‘ut</span> <span class='ocrx_word' id='word_1_229' title='bbox 1030 3727 1175 3835; x_wconf 40' lang='lat'>0¹29&amp;</span> 
     </span>
     <span class='ocr_line' id='line_1_30' title="bbox 88 3859 923 3944; baseline -0.007 -16"><span class='ocrx_word' id='word_1_230' title='bbox 88 3860 265 3930; x_wconf 69' lang='lat' dir='ltr'>›renuenda‘⁴</span> <span class='ocrx_word' id='word_1_231' title='bbox 285 3861 396 3942; x_wconf 86' lang='lat' dir='ltr'>(sont)</span> <span class='ocrx_word' id='word_1_232' title='bbox 417 3863 615 3944; x_wconf 84' lang='lat' dir='ltr'>suppleatur.</span> <span class='ocrx_word' id='word_1_233' title='bbox 636 3861 721 3924; x_wconf 87' lang='lat' dir='ltr'>coni.</span> <span class='ocrx_word' id='word_1_234' title='bbox 743 3860 781 3924; x_wconf 81' lang='lat' dir='ltr'>c.</span> <span class='ocrx_word' id='word_1_235' title='bbox 802 3861 829 3942; x_wconf 87' lang='lat' dir='ltr'>l,</span> <span class='ocrx_word' id='word_1_236' title='bbox 851 3859 923 3923; x_wconf 77' lang='lat' dir='ltr'>stt.</span> 
     </span>
     <span class='ocr_line' id='line_1_31' title="bbox 422 3971 778 4157; baseline -0.107 -2"><span class='ocrx_word' id='word_1_237' title='bbox 422 3971 528 4157; x_wconf 67' lang='lat' dir='ltr'>,u</span> <span class='ocrx_word' id='word_1_238' title='bbox 559 3971 663 4136; x_wconf 76' lang='lat' dir='ltr'>ol</span> <span class='ocrx_word' id='word_1_239' title='bbox 733 4029 778 4116; x_wconf 57' lang='lat' dir='ltr'>s</span> 
     </span>
    </p>
   </div>
   <div class='ocr_carea' id='block_1_6' title="bbox 90 4199 500 4279">
    <p class='ocr_par' dir='ltr' id='par_1_6' title="bbox 90 4199 500 4279">
     <span class='ocr_line' id='line_1_32' title="bbox 90 4199 500 4279; baseline -0.002 -7"><span class='ocrx_word' id='word_1_240' title='bbox 90 4199 147 4279; x_wconf 81' lang='lat' dir='ltr'>tu.</span> <span class='ocrx_word' id='word_1_241' title='bbox 191 4201 271 4277; x_wconf 82' lang='lat' dir='ltr'>Nox</span> <span class='ocrx_word' id='word_1_242' title='bbox 296 4224 410 4276; x_wconf 88' lang='lat' dir='ltr'>caeca</span> <span class='ocrx_word' id='word_1_243' title='bbox 434 4213 500 4273; x_wconf 86' lang='lat' dir='ltr'>est.</span> 
     </span>
    </p>
   </div>
   <div class='ocr_carea' id='block_1_7' title="bbox 0 0 1436 5030">
    <p class='ocr_par' dir='ltr' id='par_1_7' title="bbox 0 0 1436 5030">
     <span class='ocr_line' id='line_1_33' title="bbox 0 0 1436 5030; baseline 0 0"><span class='ocrx_word' id='word_1_244' title='bbox 0 0 1436 5030; x_wconf 95' lang='lat' dir='ltr'> </span> 
     </span>
    </p>
   </div>
  </div>
 </body>
</html>
