2908 5028
96 539 168 612 125.
217 535 378 626 Quando
422 535 492 608 luit
529 538 598 610 Dei
630 539 807 638 sapientia
841 538 877 610 in
913 536 1035 612 infima
1075 552 1180 640 purte

214 686 403 734 ramorum
430 659 601 761 palmae?

162 811 402 874 Hemistichium
430 813 523 874 metri
554 801 680 875 'l'haw'il
711 824 771 876 cst.
801 834 832 895 p.
863 815 934 878 160.
951 811 1052 876 'Dixit
1084 814 1186 875 Abu··

93 916 255 997 Obbaidns‚
282 916 443 1000 proverbii
463 919 563 982 verba
587 917 714 999 Djeriro
736 917 1179 982 beu-Alchethaliadscribi.

90 1025 212 1088 Dixerat
236 1027 268 1088 in
296 1045 370 1088 eum
397 1033 535 1106 poetae
556 1035 654 1108 gente
675 1027 907 1090 Alrbd-Alkais
929 1026 1014 1089 hunc
1038 1045 1167 1088 versum

110 1147 204 1274 ἐῢ·
228 1145 376 1291 τΒΒδ
402 1139 483 1284 &5³2
511 1177 597 1282 “.>
622 1147 692 1286 ΒΞ
716 1150 912 1286 effeti
937 1151 958 1240 Β
984 1151 1070 1284 ''el-³³
1095 1141 1155 1270 &i

90 1343 203 1408 eVideo
230 1355 377 1430 poetam,
407 1367 470 1408 non
499 1355 550 1409 est
575 1347 670 1410 hodie
691 1358 787 1430 poeta
811 1350 840 1411 ei
861 1321 986 1431 similis,
1008 1325 1179 1428 Djerirum,

125 1451 178 1514 sed
198 1451 229 1514 iu
252 1451 386 1516 Colaibo
408 1461 459 1514 est
479 1453 666 1516 humilitasa.
686 1456 824 1517 llletrum
839 1455 965 1517 'l'huwil
982 1463 1043 1518 est.
1064 1475 1095 1536 p.
1113 1455 1179 1516 161.

160 1559 338 1641 Respondit
356 1559 502 1640 Djerirus
524 1560 616 1623 hisco
636 1561 763 1623 verbis:

89 1681 1183 1831 &trasumenus-azaelis&
1306 1801 1310 1810 .

91 1887 197 1972 rllixit,
219 1899 253 1950 et
274 1909 336 1951 uon
358 1889 483 1952 cohibui
506 1891 666 1972 lacrymas
688 1853 778 1953 meas
799 1899 1023 1971 properantes:
1045 1889 1181 1968 Quando

122 1993 177 2054 luit
192 1996 351 2077 sapientia
372 1995 432 2056 Dei
453 1996 484 2056 in
505 1995 611 2056 infima
632 2004 724 2075 parte
745 1997 822 2058 rami
846 1989 995 2077 palmae?

161 2101 216 2163 Sic
238 2099 337 2183 dixit,
359 2107 392 2162 ut
420 2100 627 2182 significaret,
655 2100 719 2161 Dei
749 2103 937 2180 sapientiam
965 2121 1028 2163 non
1053 2119 1129 2163 esse
1150 2103 1181 2163 in

86 2204 222 2284 agricolis
258 2215 292 2269 et
319 2210 494 2288 palmorum
514 2207 780 2291 possessoribus,
802 2208 948 2290 quoniam
977 2205 1052 2270 ditio
1075 2209 1181 2292 gentis

89 2311 326 2376 Ahbd-Alkais
367 2314 480 2396 palmis
523 2313 714 2376 abundabat
777 2315 859 2380 conf.
893 2315 1012 2396 Djeuh.
1052 2334 1078 2377 s.
1098 2317 1180 2412 ἧς,

90 2433 288 2499 Proverbium
310 2436 350 2498 de
369 2438 439 2500 viro
461 2437 636 2520 adhibetur,
659 2437 714 2520 qni
734 2436 776 2500 ad
805 2449 966 2506 certamen
1004 2438 1046 2500 de
1066 2440 1182 2502 excel-

88 2541 172 2607 lentia
192 2557 350 2628 provocat
370 2545 433 2606 isto
456 2545 630 2607 certamine
651 2543 809 2627 indignus.
826 2537 1044 2608 'Semachscln

311 2699 845 2894 stemmatis
919 2751 965 2831 ut

88 2961 159 3035 126.
214 2961 302 3034 Non
346 2963 479 3033 iniuste
536 2963 592 3062 egi
643 2974 794 3034 contra'
824 2986 909 3033 eum
965 2917 1178 3034 scrobiculo

210 3086 337 3160 nuclei
364 3083 501 3186 dactyli
521 3101 556 3160 et
583 3083 680 3186 pelle
706 3087 743 3158 in
771 3082 894 3159 medio
912 3087 1003 3159 ossis
1029 3083 1178 3184 dactyli.

158 3247 195 3312 ld
216 3258 285 3312 est:
306 3248 405 3311 Nullo
426 3248 520 3313 modo
543 3257 657 3312 contra
676 3267 750 3311 eum
771 3248 887 3310 iniuste
911 3248 975 3328 egi.

83 3649 159 3726 127.
210 3653 296 3727 Non
332 3669 419 3728 suut
450 3655 543 3726 rami
577 3653 723 3753 palmae
751 3667 792 3723 ut
818 3649 983 3726 medulla
1019 3651 1179 3750 palmae,

212 3803 290 3850 non
326 3779 464 3851 lacerta
503 3783 690 3877 variegata
716 3773 891 3849 Chonnas
916 3772 1106 3876 appellata
1136 3789 1177 3844 ut

220 3901 359 3974 lacerta
386 3914 565 3974 venenata
591 3895 793 3971 Tsoahbah
819 3899 1014 4001 appellata.

157 4047 233 4110 Duo
256 4048 425 4128 proverbia
446 4065 522 4110 esse
542 4044 700 4128 videntur,
723 4064 857 4128 quorum
881 4046 969 4126 prius
990 4059 1084 4104 uuam
1112 4055 1181 4100 rem

80 4150 165 4214 alteri
197 4153 443 4234 praeferendam
479 4171 554 4215 esse
581 4151 751 4233 significat.
797 4153 873 4214 Vox
892 4151 1180 4234 ἰι-...μά

79 4271 249 4338 'lsoahbah
276 4293 422 4340 crassam
447 4273 609 4359 significet
637 4274 790 4337 lacertam
809 4272 902 4337 viridi
924 4273 1049 4354 capite,
1071 4289 1179 4334 verre-
