2864 5030
489 351 718 416 ..407-

71 549 204 614 mmpum
225 534 265 598 ab
285 533 432 598 hostibus
453 534 596 598 retiatum
616 551 693 597 asse
714 531 849 618 videret,
870 535 995 618 equitas
1016 537 1057 604 ad
1076 559 1152 622 prr·

69 641 251 723 requendum
271 641 366 705 misit„
389 643 431 704 iii
450 640 590 705 hostium
611 642 732 705 nastris
752 643 1042 728 appropinquantes
1055 653 1153 708 nootu

71 767 141 813 avos
163 751 289 814 Kathao
304 751 480 832 appellatas
502 749 606 812 alono
623 765 683 812 suo
710 749 895 833 abagemnt.
915 749 1074 816 Hadsami
1088 751 1152 813 dira
1251 807 1257 816 .

71 854 211 938 Airajjani
233 858 303 920 ilias
317 858 465 920 volantes
479 871 573 935 quom
590 855 716 918 viderat
729 854 770 921 ad
785 865 915 940 gentem
934 874 1026 921 suam
1039 857 1155 940 prodiit

69 961 182 1027 dioenst

167 1093 713 1236 annotationi&
739 1083 1052 1230 najjtozt'tsi
1184 1109 1187 1116 ¹

67 1303 188 1383 „Ehem
211 1303 241 1366 0
262 1321 345 1388 gens
366 1312 475 1368 nostra
494 1299 701 1366 ooosoendite
722 1302 862 1364 iumenta
883 1311 916 1365 ot
935 1295 1036 1367 abite!
1066 1301 1151 1366 Nam

101 1409 282 1472 sireiiotas
309 1410 445 1474 fuissent
472 1427 554 1472 aves
574 1408 696 1486 Raiba,
724 1417 820 1470 noctu
847 1407 995 1490 profesto
1029 1408 1152 1471 dormi-

102 1511 267 1580 vissontl“

138 1631 268 1694 Versus
291 1639 424 1694 metrum
444 1631 553 1695 Wadr
574 1640 634 1694 ost.
654 1651 684 1713 p.
705 1629 778 1692 tot.

139 1737 229 1802 Vidit
263 1740 360 1822 igitur
397 1741 428 1801 in
463 1742 569 1802 avium
605 1739 715 1803 volatu
747 1737 983 1801 advenientium
1017 1735 1156 1808 hostium

66 1843 213 1908 indicium.
237 1845 332 1910 Cotti.
356 1845 394 1909 C.
415 1847 508 1922 xxi,
528 1845 568 1910 61
592 1853 625 1907 ot
646 1865 736 1926 prov.
760 1843 828 1907 125.

67 2251 96 2318 5.
140 2250 177 2323 si
203 2248 275 2324 tibi
302 2248 503 2343 latrassem,
528 2277 607 2325 non
634 2252 834 2326 latrassem.

137 2401 263 2464 littora
284 2432 300 2466 a
319 2403 350 2464 in
371 2403 435 2466 tino
454 2403 551 2468 voois
569 2406 633 2493 apt
654 2402 785 2464 autina
809 2401 915 2464 littora
935 2431 949 2468 a
969 2409 1041 2483 ast,
1063 2417 1158 2482 quam

66 2521 345 2589 Arabesintordum
357 2528 388 2590 in
408 2527 472 2590 ssno
492 2528 586 2590 vonis
608 2525 730 2590 addunt
753 2544 774 2587 a
786 2526 1003 2608 grammaticis
1018 2524 1154 2588 litteram

66 2631 170 2694 silentii
189 2632 351 2712 (gornaii)
374 2642 538 2718 vocatam,
552 2642 609 2696 aut
623 2651 796 2716 pronomen
807 2645 870 2716 est,
887 2630 973 2713 quod
988 2631 1095 2692 locum
1108 2629 1160 2690 in-

67 2753 167 2820 finitivi
185 2762 259 2850 Α),
285 2754 471 2838 [atratus
510 2765 607 2820 tenet
649 2756 816 2820 Proverbii
850 2770 969 2816 sensus
998 2759 1066 2814 ost:
1110 2751 1161 2812 Da

66 2887 94 2944 te
110 2884 268 2947 sollicitus
289 2903 479 2967 noueram,
521 2881 647 2946 nonnisi
682 2881 746 2945 mni
773 2879 875 2959 ipsius
908 2895 1018 2942 auram
1053 2873 1159 2938 habui.

68 2987 213 3075 Narrant,
238 2993 354 3074 virum,
376 2992 430 3072 qui
459 2991 490 3052 in
512 2990 654 3070 deserto,
687 2995 724 3050 ut
752 2987 802 3048 sui
824 2984 984 3048 adventus
1015 2981 1165 3045 indicium

65 3098 144 3178 genti
173 3099 300 3162 isserat
304 3143 318 3182 ,
349 3099 521 3180 iatrassot,
551 3098 659 3177 lupum
679 3091 904 3156 advenientem
918 3089 1003 3173 quod
1023 3087 1162 3172 videret,

66 3203 234 3270 istavarba
255 3205 387 3269 dixisse.
415 3205 467 3268 Do
486 3224 527 3267 eo
549 3203 716 3266 adhibetur
737 3200 953 3283 proverbium,
967 3199 1024 3282 qui
1043 3198 1160 3262 bonum

66 3329 216 3392 quarens
239 3313 272 3374 in
294 3313 409 3374 maium
431 3309 547 3375 incidit

324 3437 482 3596 dai-‘a
517 3444 577 3560 ti
613 3431 804 3586 ἄῤ
875 3479 893 3558 ·ι

65 3693 94 3764 6.
141 3679 188 3766 si'
206 3707 248 3766 tu
275 3717 295 3763 e
322 3692 431 3765 nobis
456 3689 599 3779 fuisses,
618 3689 685 3764 tibi
713 3686 878 3760 calceum
903 3684 1161 3759 induissemus.

139 3843 316 3908 Mortahus
335 3839 523 3906 ben-Dsohl
544 3841 577 3904 in
598 3838 682 3922 pade
703 3838 849 3901 aanosris
871 3835 990 3900 'morbo
1011 3833 1161 3895 laborans

67 3943 141 4011 diios
169 3968 250 4012 snos
280 3947 395 4032 podem
416 3945 581 4028 amputare
601 3945 704 4008 iussit.
747 3945 868 4008 Omnes
889 3942 997 4005 fanore
1024 3955 1162 4001 rsousa-

66 4051 135 4118 iant
152 4067 283 4139 praetor
303 4057 528 4120 Hammamum
549 4052 773 4116 ben-Morrah.
794 4052 893 4116 Pater
913 4053 1022 4110 autom
1043 4043 1159 4127 podem

65 4171 256 4243 amputatum
278 4162 393 4225 videns
413 4161 477 4224 ista
498 4159 578 4223 dixit
598 4161 711 4244 verba,
731 4160 846 4241 quibus
873 4156 945 4218 talis
967 4168 1087 4216 sensus
1106 4149 1161 4212 in·

67 4279 128 4331 est:
148 4269 216 4353 „si
234 4277 270 4332 tu
289 4286 389 4334 sanus
410 4267 544 4350 fuisses,
565 4275 597 4329 te
618 4265 650 4328 in
671 4265 790 4328 honore
805 4251 1067 4325 hmuissomus.“
1107 4255 1159 4320 Da
