2838 5024
645 279 876 350 ..252-

222 459 375 526 nicaeeni
409 478 486 524 esse
524 460 622 542 dixit,
654 459 714 524 sed
743 460 908 522 mairem
937 469 1036 542 gente
1059 459 1153 528 ahts
1175 460 1318 542 oriunda,

217 551 301 652 quae
320 569 543 634 advenientem
556 569 779 632 Kinvasciruui
798 567 1022 652 cognovisset,
1035 569 1149 632 marito
1169 586 1231 632 suo
1252 587 1320 642 reor

218 679 380 762 patefecit.
413 679 552 741 Maritus
574 677 780 741 Giroraimum
801 677 987 741 ben-Sinon
1007 677 1139 741 fratrem
1162 675 1322 740 marham

217 785 385 848 certiorem
413 785 500 848 iecit
541 783 756 848 Kirwasohus
785 801 825 846 so
852 800 873 845 a
902 784 1048 846 muliere*
1062 805 1082 846 e
1103 793 1202 867 geute
1215 763 1324 874 'anm

217 873 351 956 oriunda
364 893 525 974 cognitum
538 909 615 954 esso
634 890 767 954 audieus
790 889 887 956 dixitr
911 919 1019 958 m
1042 894 1145 963 αι.»
1187 902 1250 988 ‚gt
1273 919 1325 996 ῳ)

219 1015 352 1099 „Saepe
378 1015 490 1076 mulier
514 1013 555 1075 ad
585 1022 715 1098 gentem
742 1013 835 1076 Anus
868 1015 1029 1094 pertinens
1063 1015 1180 1078 maium
1213 1011 1326 1098 tuiit“,

221 1139 304 1203 quae
338 1120 439 1182 verbu
468 1121 498 1182 in
533 1120 694 1201 proverbii
735 1121 997 1184 consuetudinem
1034 1131 1199 1184 venerunt
1242 1123 1327 1184 Kir-

219 1228 372 1292 wasohus
392 1237 498 1290 autem
513 1229 620 1292 Hizno
642 1227 776 1290 traditus
791 1226 1004 1292 occidebatur.
1025 1229 1195 1311 Degebaut
1216 1239 1329 1292 autem

219 1335 380 1420 Ahbaitae
408 1351 479 1396 cum
502 1343 601 1416 gente
622 1334 859 1397 Banu-Ahmir
893 1351 996 1415 usque
1024 1335 1065 1398 ad
1086 1343 1231 1420 tempus,
1258 1354 1330 1418 quo

219 1457 302 1524 gens
313 1441 536 1502 Banu-Airmir
548 1440 578 1502 in
593 1449 724 1524 gentem
734 1441 992 1516 Banu-Dsobiau
1006 1442 1217 1504 incursionem
1237 1443 1330 1508 fecit.

220 1551 289 1611 Isto
324 1550 405 1611 enim
441 1559 584 1629 tempore
611 1549 710 1610 irater
740 1546 910 1610 Haubadhi
951 1549 1170 1612 Dhubbabitae
1203 1567 1223 1612 a
1254 1551 1331 1613 viro

220 1654 412 1736 Dsobjauita
440 1657 589 1736 captivus
611 1654 718 1718 iactus
747 1663 824 1718 erat
865 1654 930 1717 llic
950 1663 1093 1735 tompore
1114 1656 1329 1722 nundinarum

222 1763 358 1828 Ohcatsi
381 1761 497 1824 Iudaeo
524 1762 719 1844 oenopoiae,
740 1761 792 1824 uui
815 1781 857 1822 ex
877 1761 995 1824 incolis
1018 1762 1171 1824 'l'aimaae
1198 1764 1229 1824 in
1259 1781 1331 1825 ou·

220 1867 359 1937 stodiam
379 1871 513 1933 traditus
535 1879 604 1933 erat
644 1869 785 1933 Iudaeus
806 1867 932 1933 domum
954 1877 1120 1933 revertens
1143 1871 1327 1952 captivum,

222 1997 316 2061 quem
338 1979 418 2040 inter
439 1995 558 2039 uxores
580 1993 660 2039 suas
681 1976 857 2058 invenerat,
879 1975 1048 2058 castravit,
1065 1993 1148 2057 quae
1169 1995 1222 2038 res
1237 1995 1333 2039 mor-

221 2087 264 2150 tis
287 2103 390 2148 causa
411 2094 490 2147 erat.
532 2083 615 2148 uem
637 2081 771 2146 audieus
793 2081 952 2145 Hiubizus
974 2091 1103 2166 gentem
1122 2083 1334 2147 Banu-Anba

221 2191 311 2278 adiit,
341 2192 452 2256 diceus
465 2237 475 2272 ‚
510 2199 640 2275 gentem
672 2187 838 2253 Ghathian
871 2189 1001 2252 tratrem
1031 2209 1124 2254 suum
1152 2189 1333 2269 occidisse,

222 2319 261 2363 se
289 2301 385 2384 igitur
414 2299 453 2362 ab
477 2297 623 2360 Ahbsitis
644 2296 755 2360 caedis
776 2295 924 2360 mulctam
947 2305 1067 2378 petere.
1108 2297 1232 2360 Kaisus
1254 2317 1337 2362 res·

224 2398 353 2480 pondit:
384 2400 505 2461 Manus
535 2415 608 2460 mea
627 2415 702 2461 oum
727 2416 824 2460 manu
852 2407 964 2460 vestra
994 2407 1045 2460 est
1065 2407 1178 2462 contra
1198 2407 1337 2481 gentem

225 2502 403 2588 Gnathiau,
434 2503 493 2567 sed
516 2503 657 2567 Iudaeus
684 2505 848 2586 captivum
866 2496 957 2568 'oum
985 2525 1088 2568 uxore
1112 2523 1171 2568 sua
1199 2506 1340 2568 invenit·

223 2613 383 2678 Hinbiuus
396 2623 506 2676 autem
524 2611 619 2676 dixit:
633 2613 677 2676 lut
696 2613 854 2676 siventus
876 2633 949 2676 eum
968 2614 1153 2697 occidisset,
1173 2607 1338 2695 proiecto!

223 2721 319 2784 vobis
337 2721 456 2784 mulcta
478 2718 582 2783 danda
599 2729 698 2784 esset.
740 2721 834 2783 Haeo
855 2720 986 2784 audiens
1005 2721 1128 2784 Kaisus
1147 2719 1227 2783 dixit
1241 2722 1339 2804 genti

227 2845 317 2892 suaet
359 2830 443 2891 Date
463 2829 613 2892 mulctam
635 2832 668 2891 et
686 2828 728 2892 ad
751 2839 879 2912 gentem
901 2839 1043 2893 vestram
1067 2831 1121 2908 ite,
1143 2846 1217 2892 uam
1244 2849 1340 2894 mora

224 2933 307 2996 inter
328 2943 458 3016 gentem
481 2933 647 2999 Ghathiau
666 2937 777 2998 metior
801 2945 864 3021 est,
886 2955 980 3019 quam
1008 2937 1074 3000 vita
1097 2937 1178 2999 inter
1198 2945 1340 3018 gentem

226 3039 461 3104 Banu-Ahmir.
503 3042 647 3105 'faudem
667 3041 808 3124 'utraque
829 3061 904 3124 pars
926 3044 1084 3106 continuis
1110 3043 1239 3124 proeliis
1254 3043 1341 3108 fati·

228 3155 307 3232 gata
328 3148 369 3211 ad
393 3166 506 3229 pacem
529 3169 689 3232 propensa
717 3159 795 3214 erat.
838 3153 874 3213 ln
897 3149 968 3213 iooo
988 3151 1115 3214 Kathau
1139 3150 1251 3252 (σω)
1273 3151 1341 3216 duo

95 3271 100 3280 '
227 3267 280 3330 iiiii
301 3269 438 3352 Bagidhi
459 3270 552 3334 Ahbs
583 3279 616 3334 et
648 3271 793 3352 lisobjau
825 3273 915 3353 pacis
949 3271 1188 3354 componendae
1231 3291 1343 3337 causa

228 3384 456 3438 convenerunt.
499 3376 546 3439 lbi
576 3395 670 3459 quum
706 3377 874 3439 Huzainus
901 3379 1201 3441 ben-Dhamdham
1233 3381 1342 3459 patris

226 3498 340 3545 necem
364 3481 494 3567 ulturus,
518 3490 553 3544 ut
574 3483 750 3545 iuramento
770 3501 831 3545 suo
844 3484 1062 3564 satisfaceret,
1079 3485 1254 3548 Boihanum
1276 3503 1343 3548 oo-

227 3587 376 3671 oidiaset,
399 3606 460 3650 uon
498 3589 630 3652 muitum
663 3591 792 3672 aberat,
828 3591 901 3670 quin
928 3599 995 3652 tota
1025 3569 1079 3652 rea
1108 3591 1196 3653 irrita
1225 3590 1343 3672 flerot3

227 3695 384 3761 Ahbsitoe
398 3696 482 3759 euim
494 3693 653 3779 dixerunt,
675 3715 714 3758 se
734 3716 798 3759 nou
811 3715 887 3760 esse
908 3717 1021 3779 pacem
1036 3698 1193 3781 facturos,
1216 3719 1342 3781 quam-

226 3801 281 3866 diu
317 3822 405 3866 mare
432 3803 537 3867 lanam
563 3805 719 3884 irrigaret
763 3801 832 3868 Sed
867 3803 1016 3888 medem,
1045 3814 1217 3887 postquam
1240 3805 1342 3870 Cha-

228 3909 370 3992 ridjahus
398 3911 582 3974 ben-Siuan
603 3911 701 3973 iilium
728 3927 821 3972 soum
850 3909 891 3972 ad
912 3913 1042 3974 fratrem
1071 3913 1173 3975 occisi
1202 3911 1345 3978 duxerat

231 4025 264 4080 ct
280 4017 439 4081 ducentos
459 4019 615 4081 camelos'
638 4035 696 4100 pro
717 4013 781 4080 fllio
804 4018 913 4080 occiso
929 4017 959 4080 ei
985 4018 1113 4082 solvere
1133 4019 1343 4104 promiserat,

250 4251 277 4312 t)
294 4247 409 4300 centum
426 4245 562 4312 solvebas
578 4245 739 4299 diminuebat
757 4243 863 4299 dimidio
880 4217 995 4310 pretium
1016 4243 1114 4311 religio
1130 4243 1288 4299 laiamitioa
