2906 5028
739 343 969 404 -rro-
1060 411 1125 426 ..

383 523 416 582 tn
440 539 510 582 erun
532 519 656 602 dicitur,
671 522 723 601 qui
743 539 794 582 ree
815 521 875 582 sibi
896 485 1038 603 arroget}
1056 539 1139 604 quoe
1159 539 1219 584 non
1239 521 1373 602 possidet.

545 661 691 694 eom.
755 635 795 694 5,
897 641 917 694 ὦ

502 696 619 833 ,0521
656 720 802 850 mo
833 662 969 814 wi*
991 659 1074 788 dd}
1146 713 1188 792 rt

296 955 354 1028 86.
407 953 648 1028 Consuetudo
675 981 789 1056 prava
815 955 923 1055 peior
948 969 1003 1028 est
1028 981 1140 1056 quom
1168 953 1334 1026 debitum.

382 1087 419 1149 Si
440 1088 543 1148 virum
566 1106 601 1148 ro
629 1086 853 1168 adsuefecisti,
875 1096 941 1150 tum
964 1089 993 1149 ei
1014 1107 1082 1151 rem
1102 1101 1249 1168 recusos,
1286 1085 1375 1146 moio-

298 1210 363 1252 rom
387 1192 442 1253 tibi
464 1193 640 1253 molestiam
662 1211 717 1254 res
737 1203 840 1276 peret,
862 1213 958 1275 quom
980 1193 1128 1257 debitum.
1171 1195 1233 1255 Atii
1258 1209 1373 1253 causam

296 1299 325 1358 irr
341 1317 380 1359 eo
402 1298 520 1379 vident,
535 1299 620 1380 quod
634 1299 772 1362 creditor
794 1301 902 1362 debito
914 1297 1021 1362 eoiuto'
1042 1311 1213 1363 contentus
1233 1300 1283 1380 eit,
1304 1316 1374 1358 con·

295 1404 434 1468 suetudo
453 1414 557 1468 eutem
579 1406 736 1468 hominem
756 1427 819 1468 non
835 1407 1104 1488 relinquetcont'.
1124 1404 1319 1485 GoliiAdog.
1332 1402 1374 1463 77.

285 1811 358 1883 ’87.
410 1811 479 1881 Res
505 1809 736 1899 admiranda,
764 1813 916 1884 omnino
951 1837 1009 1882 res
1044 1809 1261 1885 admiranda
1294 1811 1377 1880 inter

411 1959 572 2006 mensem
598 1932 820 2036 Djumadom
848 1949 883 2006 et
908 1930 1126 2034 Redjebum.

375 2098 486 2162 Verbo
505 2098 589 2161 hoec
611 2100 767 2162 Ahzimus
788 2098 1132 2184 bon-Aimolrochiihrr
1153 2097 1309 2168 Dhobbite
1333 2092 1378 2154 di·

292 2204 349 2266 xit.
390 2205 471 2267 liius
494 2205 591 2267 freter
612 2205 780 2267 Abideirus
801 2224 910 2266 emoro
937 2206 1047 2266 uxoris
1068 2203 1278 2267 Aichoueiiisi
1306 2201 1379 2262 beo-

293 2307 489 2373 Cheochrem
501 2311 727 2372 Scheibonitoe
749 2319 863 2391 captus
884 2320 963 2373 oret.
1006 2309 1213 2373 Choneiflsus
1241 2310 1287 2370 vir
1306 2307 1378 2368 mui-

293 2423 360 2476 tum
394 2411 602 2496 suspiciosus*
621 2429 653 2478 ct
687 2418 778 2479 fortis
808 2436 903 2497 quum
924 2416 1113 2498 audivisset,
1144 2416 1320 2479 Abidohum
1343 2409 1378 2472 od

292 2539 424 2583 uxorem
445 2540 538 2584 suom
560 2523 670 2604 ivisse,
692 2530 798 2584 sumto
819 2525 931 2585 iauceo
962 2541 1075 2604 equum
1096 2522 1315 2585 conscendens
1335 2518 1378 2578 A·

290 2627 405 2690 bidoho
429 2627 557 2690 insidiae
578 2629 711 2709 paravit.
754 2629 790 2690 lu
811 2629 1005 2710 Abideirum,
1026 2629 1078 2710 qui
1099 2631 1186 2691 votis
1213 2629 1326 2710 potitus
1351 2631 1378 2682 et

292 2754 409 2798 verrus
432 2754 574 2820 coneus,
602 2736 716 2818 quibus
752 2737 855 2816 ipsum
891 2735 1110 2798 Clroueifleum
1149 2736 1378 2815 perstringeret,

289 2851 511 2920 reverteretur,
533 2843 682 2922 impetum
704 2843 792 2904 t'ccit.
840 2841 1007 2904 Abidohue
1035 2859 1107 2904 eum
1137 2841 1254 2904 videns
1282 2839 1377 2900 dixit:

291 2949 418 3009 Memor
435 2951 481 3009 sis
503 2951 699 3012 reverentiae
721 2947 843 3042 (κιρ)
866 2947 1088 3010 Cheschremi.
1115 2951 1160 3010 At
1181 2949 1234 3011 ilio
1254 2964 1378 3027 reupon-

289 3067 350 3130 dit:
372 3071 436 3132 Per
453 3070 663 3133 Cheschremi
676 3073 888 3134 reverentiam
909 3080 943 3133 te
957 3067 1117 3136 occidam!
1141 3071 1247 3134 Dixit:
1266 3071 1378 3133 Morum

290 3174 363 3236 mihi
393 3177 549 3260 concede,
570 3178 673 3240 donec
695 3180 821 3241 ioricam
842 3179 917 3240 mihi
945 3179 1108 3242 induerim.
1150 3179 1218 3242 Sed
1247 3175 1376 3241 Choori·

291 3282 371 3343 tieus
402 3283 615 3364 respondens:
637 3289 725 3348 Num
746 3287 843 3348 ermis
865 3304 980 3348 corone
1008 3287 1139 3349 iorioum
1168 3287 1230 3347 eibi
1255 3272 1378 3346 inducti

288 3409 361 3452 eum
382 3390 508 3453 occidit.
530 3392 686 3454 Airzimus
709 3393 749 3455 de
765 3394 873 3455 Fratris
897 3393 997 3455 caede
1018 3396 1134 3456 certior
1155 3395 1263 3455 fectus
1278 3398 1379 3452 vestes

290 3497 415 3558 decoros
438 3517 580 3580 sumens,
602 3497 741 3579 gladium
764 3500 917 3582 cingenS,
939 3517 1054 3579 equum
1078 3497 1266 3561 conscendit
1293 3505 1325 3556 et
1344 3491 1379 3555 od

288 3603 400 3664 etrium
422 3605 577 3666 occisoris
598 3603 661 3664 fine
683 3607 803 3666 mensis
826 3603 1005 3686 Djumodee
1026 3605 1211 3684 posterioris
1239 3599 1377 3674 tetendit3

287 3709 387 3770 voluit
407 3709 489 3769 enim
511 3729 583 3770 eum
604 3711 712 3773 stetim
734 3709 901 3795 occidere,
924 3731 964 3772 ne
986 3713 1105 3774 mensis
1129 3711 1257 3791 Redjeb
1286 3711 1378 3770 intor-

286 3815 431 3896 cedoret,
453 3835 517 3897 quo
538 3816 695 3879 hominem
723 3816 871 3880 occidere
893 3819 984 3880 neses
1013 3827 1092 3880 orat.
1135 3819 1182 3880 lbi
1210 3820 1274 3880 aito
1301 3830 1378 3878 voce

287 3923 453 3985 clamavit:
476 3921 504 3984 0
526 3923 569 3984 fiii
591 3916 815 3986 Cheschrcmi!
839 3944 932 4004 opem
955 3924 1003 3986 fer
1026 3926 1114 4005 viro,
1150 3926 1204 4006 qui
1227 3945 1294 3984 rom
1325 3919 1378 3982 sibi

286 4031 463 4111 impositam
476 4031 631 4110 perticere
645 4050 708 4092 non
722 4039 838 4112 potest.
860 4032 1079 4113 interroganti
1094 4029 1293 4110 choneniae,
1314 4025 1379 4108 quie

279 4134 335 4196 'itte
355 4136 409 4216 sit,
432 4136 512 4197 aiter
532 4136 713 4218 respondit:
748 4137 808 4199 Vir
836 4155 855 4197 e
878 4147 977 4219 gente
997 4136 1301 4217 Boou-Dhchboh,
1330 4130 1378 4194 cui

285 4241 438 4305 violenter
459 4245 617 4324 eripuerat
639 4245 738 4307 freter
756 4263 850 4307 meus
872 4263 1015 4330 uxorem,
1035 4246 1121 4308 huuc
1141 4245 1268 4308 occidit.
1308 4243 1375 4322 ugo
