2890 5028
707 290 936 354 -eae·-

327 477 531 544 Vocabulum
552 478 673 576 Uim
685 475 812 557 plantae
825 491 938 538 nomen
953 482 1017 558 est,
1039 493 1135 561 quae,
1146 477 1279 542 camelis
1289 480 1363 560 opti.

274 622 359 692 num
367 601 529 684 pabulum,
551 600 583 665 in
603 599 673 661 solo
694 597 865 662 decumbit.
1309 601 1314 610 ·

377 753 515 931 odda*
550 737 646 882 diii
683 738 932 926 {2}ss
966 737 1127 880 didi
1197 796 1279 884 ro*

275 1029 361 1100 384.
410 979 494 1098 Non
539 1020 574 1094 id
614 1018 773 1108 faciem,
806 989 927 1094 donee
967 989 1096 1096 redeat*
1139 1021 1370 1098 errabundos

410 1149 528 1247 gentis
556 1143 761 1218 Girnlhsen.

356 1300 430 1361 Hoc
451 1298 643 1380 cognomine
664 1297 802 1359 Sinanus
823 1295 1146 1360 ben-Abi-Haritsah
1167 1291 1304 1359 Monita
1318 1295 1371 1358 de·

249 1397 254 1410 '
275 1407 429 1489 signatur.
473 1405 535 1484 Qui
558 1423 653 1484 quum
675 1421 694 1464 a
715 1411 814 1484 gente
835 1421 895 1464 sire
917 1401 958 1465 ad
979 1403 1198 1465 liberalitatem
1216 1419 1370 1464 exercen-

276 1512 350 1577 dem
370 1523 504 1575 coactus
524 1519 625 1592 esset,
649 1509 806 1572 carnelum
829 1509 1016 1574 conscendit
1037 1519 1070 1571 et
1092 1511 1123 1572 iu
1141 1507 1370 1572 desertumab-

276 1623 347 1686 iens
368 1639 528 1704 nunquam
550 1619 650 1680 rediit.

396 1763 634 1960 deidei}
672 1763 759 1916 [iii
788 1850 849 1958 9!
877 1763 1102 1924 υὶιξὲἐι
1175 1822 1251 1899 re

275 2021 360 2092 ³85.
384 2029 387 2039 '
410 2012 495 2086 Non
528 1976 874 2126 inveniuntur—silivi
920 2009 999 2086 duo
1041 2011 1114 2087 loci
1162 2014 1243 2102 ubi,
1285 2016 1368 2112 ignis

414 2137 645 2212 accenditur.

321 2289 511 2371 Cognonzen
535 2291 614 2352 iiiii
635 2289 725 2371 loci,
745 2288 806 2351 ubi
830 2289 939 2372 iguis
956 2292 1206 2374 accenditur,
1236 2291 1297 2354 duo
1315 2285 1367 2352 viri

280 2393 453 2480 habebant,
471 2397 522 2476 qui
547 2398 577 2456 in
600 2397 654 2458 via
678 2397 784 2478 ignem
805 2395 1019 2458 accendentes
1038 2415 1150 2459 omnes
1172 2406 1368 2460 transeuntes

280 2501 418 2584 hospitio
433 2504 582 2585 excipere
593 2502 747 2565 solebant.
762 2501 853 2566 Gens
866 2512 973 2565 autem
988 2502 1030 2565 ad
1046 2505 1142 2566 istum
1156 2504 1367 2566 locumtraus-

280 2610 361 2691 iens‚
385 2628 480 2690 quum
504 2626 562 2670 eos
583 2628 644 2669 uon
672 2607 809 2690 videret,
832 2609 895 2671 iste
922 2608 1024 2671 verba
1043 2605 1178 2691 ldieebat
1190 2653 1202 2694 ,
1246 2606 1366 2691 quaein

279 2718 438 2798 proverbii
459 2713 720 2778 consuetudinem
742 2715 902 2777 venientia
922 2716 1123 2799 significant,
1162 2735 1229 2778 rem
1252 2716 1365 2778 omuino

281 2825 489 2908 disparuisse,
509 2832 544 2886 ut
564 2822 685 2885 nullum
707 2823 778 2884 eius
802 2821 974 2904 vestigium
994 2830 1191 2906 superesset.

283 3265 369 3336 386.
421 3260 475 3334 Ne
501 3285 618 3362 ponas
643 3265 681 3338 in
708 3259 823 3332 lutere
850 3276 916 3334 luo
944 3262 1051 3335 vitia!

365 3401 576 3466 Proverbiuru
597 3421 656 3465 uos
677 3409 795 3478 monet,
816 3420 857 3463 ne
879 3402 1016 3464 animum
1045 3409 1187 3463 nostrum
1218 3397 1363 3479 deprima-

282 3523 365 3592 mue,
388 3518 424 3570 ut
442 3509 637 3591 respondere
658 3527 722 3572 uon
743 3509 905 3589 possimus
926 3509 1010 3571 sicut
1036 3507 1075 3577 is,
1102 3507 1156 3590 qui
1183 3515 1288 3568 mutus
1313 3507 1364 3564 eet

285 3610 378 3676 Coei.
400 3615 494 3678 Kam.
516 3626 549 3678 et
571 3614 622 3695 Dj.
644 3633 671 3676 e.
693 3636 726 3678 v.
747 3631 823 3684 aa.
865 3615 1076 3678 Proverbium
1102 3631 1228 3695 quoque
1249 3613 1295 3674 sic
1312 3605 1364 3670 ad·

283 3739 381 3802 laturo
403 3749 469 3803 eat:
489 3741 581 3810 mcii
607 3741 738 3823 Q
764 3743 864 3841 Ui&
889 3738 924 3806 i.
969 3738 1171 3820 Meidunius,
1213 3737 1267 3819 qui
1294 3735 1364 3796 huuc

285 3863 414 3928 modum
434 3885 498 3928 nou
519 3865 641 3948 probat,
662 3863 939 3927 Alsalamiumita
959 3861 1133 3924 adnotasse
1155 3859 1235 3924 dixit
1254 3860 1283 3921 in
1302 3873 1364 3918 ser·

284 3989 392 4055 mone,
414 3990 478 4053 quo
502 3971 765 4034 Abu-Mosiimus
778 3969 1034 4034 Ahbbasidarum
1050 3969 1197 4051 princeps
1212 3985 1288 4050 erga
1304 3962 1365 4024 su-

286 4075 402 4139 bahum
424 4087 552 4158 poetam
575 4078 614 4142 ob
636 4096 772 4159 parvum
795 4077 883 4140 mille
905 4094 1074 4139 aureorum
1095 4075 1125 4137 ei
1152 4074 1286 4137 oblatum
1313 4068 1364 4130 do·

285 4202 358 4247 uum
378 4203 416 4250 se
437 4189 655 4252 excusavere
698 4187 833 4269 Legitur
854 4203 981 4268 quoque
1001 4185 1033 4248 iu
1054 4182 1218 4247 codicibus
1245 4173 1364 4252 mii
