2838 5024
268 835 325 904 ts.
376 829 507 905 Omnis
532 832 613 904 oris
636 827 689 909 ad
713 825 850 932 pedem
872 853 984 905 suum
1008 825 1266 930 suspendetur.

348 979 384 1041 ld
415 988 482 1042 eat:
526 979 637 1044 Omnis
671 997 811 1061 perosus
848 980 888 1042 ob
924 979 1043 1041 crimen
1078 998 1175 1042 suum
1212 974 1350 1059 punietur.

263 1087 474 1158 Ahmiihua
487 1086 576 1166 dixit,
587 1103 719 1150 annuum
734 1104 822 1170 esse,
833 1106 896 1155 non
912 1085 1028 1153 decere
1041 1086 1143 1168 puniri
1155 1085 1260 1168 aton,
1274 1101 1353 1166 quan

263 1201 474 1279 peopeiorem.
489 1187 757 1258 'Abu-oubaidns
777 1193 874 1277 dixit,
896 1195 1098 1280 proverbium
1125 1191 1189 1256 hoo
1209 1194 1284 1254 inter
1304 1191 1353 1252 ire·

195 1319 203 1330 ·
262 1302 365 1364 mines
395 1301 545 1386 frequens
565 1320 652 1363 osse.
695 1299 986 1364 Samoohsoharius
1007 1301 1186 1382 adnotavit,
1206 1297 1275 1362 aiibi
1292 1296 1354 1366 bid

264 1426 373 1530 [41ᾳρ
402 1424 475 1507 legi.
518 1425 727 1514 Ptpverbium
756 1423 899 1488 Waossro
926 1423 1181 1486 ben-Salamah
1208 1421 1354 1504 Ajaditae,

264 1547 317 1631 qui
344 1555 419 1629 post
448 1545 654 1627 Djorhomum
682 1545 801 1632 tempio
823 1547 982 1608 Meccano
1014 1557 1183 1629 praeerat,
1212 1543 1354 1610 adscribit.

264 1657 365 1718 istum
389 1653 563 1718 Waoihum
589 1653 619 1716 iu
641 1670 762 1728 arcem,
792 1672 888 1738 quem
911 1653 1051 1716 Meoeae
1077 1653 1269 1716 aedificasse
1290 1671 1355 1714 nar·

264 1770 347 1843 rant,
377 1759 625 1823 adscendentem
654 1758 789 1842 dixisse,
818 1779 857 1821 se
886 1779 959 1824 curn
989 1762 1061 1822 Deo
1093 1762 1281 1844 ooiioquium
1300 1761 1352 1822 ha·

264 1869 350 1930 bere.
391 1865 586 1948 Rhythmioe
615 1864 744 1930 loeutus
765 1867 930 1931 divinavit.
973 1868 1081 1930 Morte
1102 1872 1353 1952 appropinquante

264 1977 346 2038 inter
367 1975 430 2036 alia
451 1976 514 2039 ista
530 1975 686 2058 proverbii
709 1976 810 2038 verba
829 1975 899 2038 suis
921 1975 1009 2038 dixit.
1034 1975 1130 2040 Coui.
1161 1979 1264 2041 Aous.
1283 1978 1352 2038 Αιιιι

266 2083 303 2146 Τ.
326 2083 356 2144 ΙΙ
377 2102 407 2165 p.
427 2083 501 2146 tto.

624 2202 699 2261 ⁶2
764 2215 844 2263 M.
874 2209 907 2262 ds

591 2227 1012 2404 „iosus

268 2413 326 2486 16.
377 2413 510 2488 Omnis
536 2413 698 2487 camelus
736 2415 861 2489 multis
896 2413 980 2516 pilis
1006 2412 1077 2488 sub
1105 2427 1233 2488 mento
1264 2434 1351 2514 prae·

380 2534 480 2610 ditus
506 2534 617 2638 fugax
644 2551 710 2611 est·

349 2678 496 2741 Huiusce
517 2680 562 2741 rei
584 2697 684 2742 muse
704 2679 734 2741 iu
757 2699 797 2742 eo
810 2679 959 2762 cernitur,
978 2679 1064 2761 quod
1083 2687 1186 2742 vento
1206 2678 1284 2761 pilos
1297 2674 1354 2736 eius

262 2792 414 2848 movente
435 2783 475 2847 ad
498 2803 625 2847 cursum
647 2786 827 2869 instigatur.
864 2784 1084 2863 proverbium,
1109 2785 1198 2866 quod
1218 2787 1248 2847 in
1268 2777 1352 2844 timidi

224 2940 226 2946 .
262 2891 340 2953 vitio
362 2889 547 2972 adhibetur,
569 2891 1128 2973 Sohoirusberr·1)jodaimahiiatri
1152 2911 1214 2956 suo
1236 2887 1350 2961 Osaido,

263 2995 317 3078 qui
337 2995 480 3059 hirsutus
518 3005 550 3058 et
583 2999 675 3061 simui
709 2995 838 3061 timidus
861 3007 966 3080 esset,
997 2997 1119 3062 dixisse
1142 3000 1260 3081 fertur,
1280 2991 1350 3078 qued

264 3101 406 3170 oratus
427 3102 540 3168 timore
561 3107 745 3193 perculsus,
775 3105 901 3173 Chaiidi
921 3104 1143 3186 beo-Djahiar
1164 3101 1350 3182 boo-Cilnio,

263 3210 317 3292 qui
338 3227 410 3272 oum
430 3211 529 3273 sociis
550 3211 721 3277 vindictam
744 3223 906 3276 sumturus
922 3213 1100 3293 adveniret,
1119 3213 1217 3296 tratri,
1236 3207 1351 3278 aemelis

262 3316 333 3379 suis
362 3317 466 3398 picem
492 3318 621 3381 illinenti
652 3319 826 3384 adveutum
848 3321 1015 3384 nuntiaret
1059 3322 1149 3384 'faiis
1176 3329 1281 3383 autem
1300 3333 1350 3378 oa-

139 3503 142 3508 ,
262 3423 335 3487 meii
356 3423 461 3487 Said-
467 3425 662 3488 Aiuhailus
654 3447 685 3488 ιιι
707 3447 806 3490 vorsu
827 3430 1019 3491 mentionem
1042 3427 1120 3491 ieoit
1141 3427 1269 3491 dicens.

342 3555 514 3690 uitri
466 3609 593 3729 <3³2
545 3543 636 3666 tir
651 3567 721 3708 tt>
748 3569 801 3656 tii
827 3543 1016 3706 saiji„
994 3561 1145 3694 otii
1128 3616 1182 3686 „a
1172 3567 1279 3652 su}

260 3761 380 3848 „Abu-
360 3759 515 3826 -0tsaius
536 3781 556 3824 e
576 3701 781 3830 confossione
816 3767 961 3845 deflexit,
999 3763 1265 3850 quemadmodum
1292 3761 1351 3824 hir·

303 3878 398 3933 sutus
424 3867 602 3950 (camelus)
630 3871 670 3933 ab
691 3873 811 3938 umbris
833 3869 999 3938 deflexit“.
1024 3875 1164 3938 Mettum
1187 3881 1239 3938 eet
1258 3865 1352 3936 Wtfir

304 3996 335 4060 p.
356 3975 429 4041 tot.

492 4106 582 4272 ἐξ
618 4110 746 4285 ὧν
781 4111 996 4300 5542?ss
1066 4165 1101 4241 iv
