2902 5036
553 379 780 442 ...737-

1 613 2 620 ,
92 555 248 639 „Habita
262 554 347 638 apud
356 573 532 640 agasomm
546 559 745 641 Plejedum¹)
757 571 790 622 et
804 561 889 643 opud
907 580 963 625 cor
977 579 1024 625 sc.
1043 581 1098 626 cor
1112 580 1207 626 scor·

146 665 250 746 pionis
273 664 476 741 ardentis.²)“

185 779 310 842 Arabes
332 779 450 864 dicunt,
472 783 569 846 stella
590 784 673 846 oculi
694 786 776 848 tauri
806 805 899 868 quum
923 788 952 848 in
972 788 1203 850 matrimonium

95 886 248 967 petiisset
269 885 434 976 Pleiades,
457 888 561 950 lunam
581 887 653 954 illas
682 891 712 954 ei
739 891 770 953 in
791 893 1023 956 matrimonium
1044 892 1120 955 dare
1140 912 1205 954 vo-

95 993 215 1075 luisse,
236 993 306 1054 illas
328 1002 435 1057 eutem
456 997 601 1058 renuisse
623 1006 655 1060 et
675 1000 911 1062 retrocessisse
932 999 1091 1062 dicentes:
1115 997 1202 1077 Quid

96 1118 174 1163 oum
196 1100 258 1164 hoc
278 1120 428 1183 paupere,
451 1101 501 1164 eui
522 1121 602 1184 opes
630 1123 694 1168 uon
716 1115 810 1186 sunt,
838 1103 998 1171 lecimus?
1041 1107 1135 1170 llauc
1156 1106 1196 1166 ob

96 1224 234 1270 causam
253 1207 378 1270 stellam
400 1210 583 1278 oculitauri
603 1213 745 1276 camelas
776 1213 931 1276 iuvencas
961 1231 1039 1276 suas
1068 1212 1197 1304 (vend)

98 1309 206 1409 (eous.
230 1329 334 1392 ldeler
361 1351 391 1412 p.
430 1331 509 1409 137,
548 1333 633 1413 142.)
670 1353 909 1431 congregasse,
945 1345 979 1398 ut
1007 1355 1045 1398 se
1074 1335 1204 1399 divitem

98 1455 179 1498 esse
195 1437 387 1515 ostenderet,
409 1439 483 1501 dum
511 1459 568 1504 eas
600 1444 683 1504 omni
712 1443 804 1526 loeo,
844 1461 906 1524 quo
935 1441 1117 1518 tenderent,
1146 1461 1205 1504 se-

99 1551 269 1626 queretur,
303 1547 522 1625 spousaffium
562 1546 677 1611 donum
710 1569 824 1633 nempe
858 1551 931 1613 illas
965 1551 1075 1612 stellas
1114 1549 1205 1630 volti

98 1677 176 1732 anto
188 1687 225 1730 se
238 1670 427 1751 propellens,
441 1673 559 1754 Dicunt
570 1692 665 1754 porro
679 1673 817 1756 Arabes,
831 1673 1057 1754 Capricornum
1070 1660 1205 1768 (wall)

97 1811 237 1858 necasse
257 1792 382 1858 stellam
403 1797 799 1886 Uc.=tappellatam,quam
811 1798 851 1860 ob
870 1815 1003 1861 causam
1015 1797 1112 1861 huius
1125 1799 1206 1863 filias

98 1923 203 2008 (0213
227 1919 305 2002 uolt,
334 1917 424 1982 sidus
445 1925 555 1992 ursae)
584 1939 657 1982 eum
680 1919 875 1984 circumdare
905 1929 1061 2003 petentes.
1085 1924 1202 1986 Dicunt

99 2061 214 2126 porro,
242 2042 368 2104 stellam
398 2023 565 2123 Canopum
596 2039 679 2124 pede
714 2045 916 2126 percussisse
949 2043 1038 2106 sidus
1069 2044 1205 2122 Orionis,

98 2156 165 2219 ho'c
184 2175 261 2218 vero
283 2175 354 2219 eam
380 2155 463 2238 pede
489 2159 691 2237 percussisse
722 2166 754 2220 et
784 2156 980 2242 projecisse,
1010 2166 1044 2220 ut
1082 2159 1198 2243 locum,

99 2283 199 2346 quem
219 2282 305 2326 nunc
327 2264 457 2344 habeat,
478 2272 658 2344 occuparet.
681 2265 761 2326 llam
782 2264 990 2346 (Carropum)
1010 2274 1115 2328 autem
1137 2276 1204 2329 tum

1 2450 4 2455 Ι
99 2371 134 2434 id
165 2369 270 2452 gladio
302 2369 533 2450 percutientem
571 2369 710 2432 modium
746 2369 814 2432 eius
851 2371 1059 2435 dissecuisse.
1086 2375 1204 2462 Dicunt

98 2496 206 2561 porro,
225 2479 350 2540 stellam
372 2476 489 2540 Sirium
511 2475 728 2539 {emonensem
744 2478 817 2540 olim
831 2479 934 2540 luisse
953 2497 1026 2541 cum
1049 2479 1202 2562 Syriaca,

98 2595 168 2647 tum
190 2575 227 2646 se
237 2601 434 2665 segregasse
454 2587 487 2642 et
508 2583 593 2644 viam
607 2584 744 2645 lacteam
761 2591 995 2667 transgressam
1011 2603 1096 2664 esse,
1119 2603 1201 2666 qua·

98 2699 229 2775 propter
260 2708 439 2774 cognomen
466 2685 661 2752 transeuntis
682 2691 788 2790 mett
822 2694 1014 2772 accepisset.
1068 2693 1202 2754 Stellam

100 2822 209 2878 autem
230 2815 410 2898 Syriacam,
431 2832 529 2895 quum
551 2814 635 2875 illam
657 2832 695 2875 se
717 2831 889 2894 separasse
911 2813 1056 2889 vidisset,
1076 2813 1204 2896 lachry-

99 2939 173 2986 mas
188 2921 321 2998 fudisse,
344 2940 407 3003 qua
418 2920 659 2984 decausaoculi
674 2919 762 2981 fluxu
773 2921 845 2982 albo
860 2921 1006 2983 laborans
1028 2938 1206 3004 cognomen

100 3031 224 3113 wll
253 3029 445 3111 accepisset.
488 3025 582 3090 Coul.
612 3024 654 3088 dc
690 3026 780 3088 hisce
806 3025 904 3089 rebus
925 3028 968 3088 ill.
996 3024 1108 3089 ldeleri
1136 3027 1203 3090 libr·

99 3155 181 3236 plur.
218 3152 306 3215 locis.
342 3151 466 3213 Dicitur
502 3168 629 3232 quoque
663 3147 793 3234 „35ch
818 3149 873 3228 „lis”
897 3183 941 3232 υ,
967 3152 1053 3224 ,dcl
1093 3148 1206 3212 eodem

99 3347 211 3393 seusu.
240 3325 376 3398 ¹lludem
410 3325 503 3388 stella
527 3295 607 3427 {itt
628 3325 661 3386 et
681 3321 770 3428 &kalt
795 3331 827 3385 et
848 3321 961 3427 &yzit
992 3321 1206 3404 cognomina-

101 3464 164 3517 tur.
207 3449 520 3520 Scharaf-Aldiuus
548 3447 634 3522 dixit,
665 3445 792 3510 stellam
821 3447 902 3508 oculi
931 3443 1014 3508 tauri
1044 3443 1204 3541 (Ulpiall)

99 3576 359 3661 cognominatam
392 3590 520 3655 quoque
554 3589 629 3637 esse
656 3571 791 3664 ,offitii
817 3573 924 3660 Uol>
955 3566 1203 3634 »Stellarum

118 3920 149 3984 1)
169 3899 297 3988 Atili
323 3901 429 3990 ffb
450 3917 545 3979 Agnso
576 3909 714 3976 Pleiadum
745 3919 842 3958 nornen
864 3903 961 3955 stellae
988 3903 1039 3955 est.
1067 3897 1136 3947 cont.
1166 3895 1204 3948 ΙΙΙ.

169 4025 268 4076 ldelerl
293 4023 401 4074 libnrm:
419 4021 579 4073 Uutersuelr.
606 4017 673 4068 iiber
695 4015 737 4064 dle
760 3995 940 4065 Sterunameu
962 4011 1013 4056 ete.
1036 4017 1062 4067 p.
1081 4005 1127 4066 96,
1152 4001 1206 4052 1³7

142 4101 216 4184 'Sic
239 4113 467 4210 quoqueqjvkdl
494 4112 565 4181 ,ΑΒ
587 4124 643 4176 cor
665 4119 816 4184 scorpionis
840 4117 867 4167 et
895 4097 988 4170 „lidi
1028 4123 1086 4160 eor
1108 4113 1206 4161 uomet!

171 4241 271 4293 stellae
289 4248 341 4298 cst.
359 4239 419 4292 ibid.
438 4251 462 4300 p.
482 4233 547 4288 179·
566 4233 627 4288 181.

116 4351 148 4406 2)
168 4345 286 4394 Mettum
304 4340 409 4392 'l'lrawil
428 4343 475 4388 est.
495 4351 520 4400 p.
540 4337 600 4390 lot.
