2892 5022
285 549 352 612 Vix
361 548 472 612 salvus
479 544 594 608 evasit.
600 537 767 605 Proverbii
781 539 934 624 originem
942 537 1027 603 hanc
1034 535 1137 600 fuisse
1145 544 1282 599 esmant
1293 533 1356 598 Vir

250 656 378 742 quidam
399 664 528 736 arrepta
550 650 654 716 cauda
675 649 832 713 camelum
855 667 949 728 quum
969 655 1104 726 teneret,
1133 648 1276 708 camelus
1297 663 1355 706 re-

249 766 334 827 lictis
355 766 387 826 in
409 782 504 828 manu
527 759 663 823 tenentis
684 759 756 839 piiis
777 756 912 840 aufugit„
956 753 1252 819 Seira'raf-Aidinus
1271 753 1353 814 Me-

250 863 458 953 ehwijj'ahum
481 865 773 947 ben-Abi-Sofijan
801 863 960 944 proverbii
980 869 1146 924 auctorem
1165 877 1241 922 esse
1263 859 1355 922 dixit.

249 982 339 1046 Dixit
365 980 447 1042 haec
477 978 596 1059 verba,
630 995 726 1058 quum
757 975 913 1056 legatum,
936 969 1101 1052 quemad
1129 971 1356 1051 imperatorem

251 1084 449 1150 Graecorum
469 1085 622 1166 misisset,
644 1083 772 1144 salvum
794 1079 1004 1159 conspiceret
1026 1075 1145 1140 Conf.
1166 1075 1252 1140 doct.
1267 1078 1355 1145 Ber-

251 1193 360 1258 theaui
380 1193 447 1256 iibr.
468 1207 499 1274 p.
520 1191 570 1254 16.
592 1197 671 1254 text.
692 1197 725 1250 et
745 1184 838 1250 Kam.
857 1212 949 1274 υ».

651 1388 872 1568 ρῳωὶ
939 1430 958 1509 o

255 1687 312 1761 11.
363 1679 417 1753 Os
443 1679 521 1752 eius
546 1678 602 1751 ori
628 1679 712 1750 tuo!

335 1843 420 1905 Male
440 1841 601 1925 precando
623 1841 800 1905 inserviunt
820 1844 930 1906 verba.
971 1840 1232 1906 Abu-Obbaidus
1262 1839 1357 1926 dixit,

246 1950 407 2034 proverbii
428 1968 561 2011 sensum
582 1967 676 2010 esse:
700 1949 823 2013 „Ponat
844 1950 875 2010 in
904 1969 959 2012 ore
996 1958 1050 2012 tuo
1086 1951 1175 2012 Deus
1212 1958 1353 2010 terrama

247 2073 513 2158 quemadmodum
535 2074 673 2136 dicatur:
689 2043 761 2174 ,ἒῖ
786 2075 879 2158 Μ
923 2075 966 2136 lu
988 2093 1058 2136 ore
1080 2083 1151 2136 tuo
1172 2073 1281 2154 iapis
1304 2074 1360 2135 sit

248 2210 281 2265 ct
301 2198 404 2288 „pauit
432 2200 513 2286 Mt
565 2202 627 2260 eln
657 2219 727 2260 ore
757 2208 823 2261 tuo
845 2197 930 2260 sint
958 2206 1067 2260 terra
1099 2195 1358 2296 etplapides.

245 2325 370 2386 Horum
398 2323 569 2386 verborum
604 2341 737 2386 sensum
764 2339 855 2386 esse:
885 2321 957 2404 'l'ibi
985 2323 1027 2383 sit
1055 2321 1227 2384 frustratio.
1255 2321 1356 2386 Alius

246 2431 375 2516 quidam
395 2432 485 2516 dixit,
509 2427 562 2498 [eii
585 2450 628 2493 os
649 2431 738 2493 eius
758 2431 985 2512 metonymiam
1007 2448 1095 2511 esse,
1107 2449 1169 2512 qua
1184 2431 1357 2514 terrasig-

245 2556 439 2640 nificaretur,
462 2576 558 2639 quum
581 2577 618 2621 oe
639 2565 745 2621 terreo
765 2557 884 2619 humus
907 2564 1007 2638 esset,
1030 2574 1093 2636 qua
1108 2573 1192 2636 aqua
1212 2555 1356 2617 imbibe-

244 2671 339 2725 retur.
368 2663 451 2727 Sunt
472 2673 590 2746 autem,
612 2664 665 2747 qui
688 2663 804 2749 dicant,
831 2681 885 2724 ore
907 2663 975 2724 eius
990 2661 1164 2744 significari
1185 2678 1223 2722 os
1244 2661 1355 2722 infor-

244 2769 332 2852 tunii,
357 2779 393 2834 ut
413 2789 532 2833 seusus
553 2769 713 2851 proverbii
743 2769 800 2830 sit:
843 2770 936 2832 Deus
966 2786 1003 2830 os
1032 2766 1190 2830 infortunii
1218 2786 1263 2828 crr
1294 2775 1356 2832 tuo

243 2875 411 2942 immittet!
433 2896 497 2959 qua
518 2878 681 2941 frustratio
703 2875 950 2959 significaretur.
991 2876 1137 2939 Verbum
1160 2880 1244 2960 aa?
1264 2892 1357 2958 sup-

247 2995 397 3080 plendum
421 3007 482 3060 est.

249 3411 307 3480 12.
361 3403 440 3477 Ora
476 3429 606 3480 eorum
643 3405 902 3504 (camelorum)
942 3371 1029 3480 sunt
1062 3404 1153 3494 loci,
1180 3404 1245 3478 ubi
1273 3407 1358 3506 pal·

372 3535 519 3622 pantur.

328 3685 365 3746 iu
384 3682 540 3766 immelis,
567 3683 652 3768 quod
682 3683 814 3766 pulchro
845 3684 940 3748 modo
969 3685 1116 3766 pabulum
1144 3697 1356 3770 consumunt,

244 3791 359 3855 indicio
381 3801 443 3876 est,
470 3811 528 3854 eos
555 3792 691 3873 pingues
714 3811 801 3878 esse,
824 3802 860 3854 ut
887 3793 950 3855 hoo
979 3792 1099 3855 videnti
1131 3811 1188 3854 cos
1217 3795 1357 3873 palpare

244 3918 307 3962 nou
330 3917 409 3981 opus
429 3900 481 3992 sit
514 3898 728 3963 Abu-Saidus
756 3899 805 3962 sic
833 3901 940 3962 retulit
968 3898 1189 3981 proverbium:
1217 3901 1355 3987 ipsttai

246 4024 357 4112 ψις
385 4024 517 4086 „Palaia
546 4042 656 4086 eorum
691 4033 765 4086 sunt
791 4025 852 4087 ioci
889 4025 942 4087 ubi
977 4025 1171 4106 palpantum
1221 4024 1355 4090 Sensus

245 4149 405 4230 proverbii
436 4156 496 4210 est.
554 4148 607 4210 Ex
636 4148 796 4214 exteriore
830 4149 939 4212 habitu
971 4149 1101 4211 interior
1129 4149 1177 4209 rei
1209 4148 1356 4216 conditio

247 4257 464 4338 cognoscitur.
