2908 5028
640 290 954 408 ¹-or4-

503 543 1146 688 'ammonitam

284 753 321 819 ltl
346 760 418 816 est:
442 752 505 830 Qui
524 753 646 814 socium
662 769 755 813 situm
777 749 828 812 die
849 749 967 812 infelici
988 749 1151 813 adflictum
1165 751 1267 834 ridet,
1283 767 1367 812 secu-
1441 809 1442 818 ,

283 878 338 922 rus
366 879 429 920 non
458 865 527 940 est,
557 857 643 940 qnod
663 857 758 920 simili
780 855 833 918 die
854 874 918 916 non
939 839 1119 938 adfligatur.
1161 857 1253 918 Dixit
1272 863 1368 937 poeta:

181 965 184 968 ’
272 967 359 1052 ¹„Ne
382 965 421 1027 ob
443 965 573 1026 aliorum
603 963 804 1027 calamitates
825 964 929 1024 laetus
950 963 1008 1048 sis,
1031 981 1103 1026 nam
1125 963 1261 1044 tempori
1282 961 1370 1025 vicis·

237 1117 240 1126 ,
287 1067 444 1135 situdin'es
466 1079 569 1134 sunta.
1063 1083 1067 1094 “

366 1176 613 1240 llemistichium
634 1176 726 1238 metri
748 1175 859 1238 Basith
882 1184 943 1238 est.
964 1196 995 1257 p.
1020 1177 1091 1239 190.

364 1283 499 1367 Legitur
519 1301 646 1366 quoque
668 1290 781 1364 quarta
801 1283 894 1344 verbi
913 1287 974 1384 6⁸)
996 1284 1111 1365 forma,
1133 1291 1170 1346 nt
1191 1300 1307 1346 sensus
1326 1281 1370 1342 sit:
1441 1331 1442 1340 ,

158 1489 161 1494 Δ
282 1409 345 1488 Qui
376 1407 470 1470 alium
498 1407 621 1488 adfligit
648 1414 680 1468 et
707 1424 806 1469 causa
835 1413 899 1489 est,
921 1415 957 1469 ut
971 1407 1130 1490 ingratum
1146 1408 1210 1489 ipsi
1230 1406 1312 1468 diem
1329 1405 1372 1464 vi-

281 1513 368 1598 deat,
389 1533 466 1576 mox
485 1514 577 1576 simili
597 1510 771 1575 adiicietur.
811 1514 1023 1576 Proverbium
1042 1511 1281 1576 vicissitudines
1301 1520 1372 1574 tem·

281 1621 368 1704 poris
388 1621 557 1703 significat.
600 1620 689 1682 Dixit
710 1627 822 1700 poeta:

287 1727 371 1807 »Qui
400 1725 482 1789 diem
506 1725 607 1810 vidit,
627 1726 659 1788 in
680 1745 719 1788 eo
742 1727 957 1810 conspicitur,
979 1746 1052 1790 nam
1072 1734 1204 1809 tempus
1226 1747 1283 1810 per
1309 1743 1369 1788 eun

323 1851 386 1896 non
407 1831 591 1912 decipitur«
965 1826 971 1841 ‘

267 2023 277 2046 ⁹
366 1937 652 2018 Metram-liedjes
673 1946 734 2001 est.
755 1959 787 2021 p.
808 1937 879 2003 231.

80 2387 83 2401 ’
212 2445 216 2454 -
282 2405 366 2478 293·
418 2400 495 2496 Qui
522 2400 637 2474 futuit
671 2371 818 2472 asinum
850 2399 1067 2489 silvestrem,
1103 2399 1370 2476 multumiutn·
1439 2421 1442 2438 ‘¹

425 2537 549 2598 entem
575 2523 701 2596 futuit.

366 2657 476 2720 Verba
504 2657 587 2720 haee
617 2656 778 2720 Chidhrus
803 2655 1014 2720 ben-Sohibl
1044 2655 1270 2720 Chotsalrmita
1295 2653 1367 2734 dixit,

283 2766 374 2827 citios
404 2783 487 2826 uxor
517 2763 685 2824 Haschiml
710 2741 814 2844 amica
843 2771 920 2824 erat.
964 2762 1124 2826 Olridhrns
1151 2781 1250 2844 quum
1275 2777 1370 2823 aaran

242 2884 245 2894 ·
282 2876 317 2931 et
332 2868 571 2949 argentnmsnb
593 2867 714 2929 arboris
728 2865 834 2929 radica
856 2866 1112 2930 abscondidisset
1135 2878 1169 2929 et
1190 2866 1283 2929 uxori
1300 2881 1368 2928 suae

284 2993 351 3035 rem
373 2983 548 3054 narrasset,
569 2971 652 3035 haec
671 2991 802 3036 servam
824 2971 866 3036 ad
888 2975 1024 3036 amioum
1047 2975 1143 3056 misit,
1165 2983 1201 3036 ut
1223 2991 1299 3056 opes
1317 2987 1369 3031 an·

275 3082 389 3148 ferret.
431 3082 538 3143 Serva
558 3080 667 3141 herum
689 3097 780 3141 sunm
801 3081 847 3141 rei
870 3081 1036 3141 certiorem
1058 3080 1147 3142 lecit.
1188 3081 1305 3162 Herus,
1325 3073 1369 3158 qui

163 3177 170 3200 ⁸
285 3185 326 3249 ad
350 3188 453 3249 locum
475 3186 560 3248 illum
581 3185 792 3246 llaschimum
815 3195 1060 3265 exspectaturus
1081 3195 1284 3268 accesserat,
1306 3198 1372 3262 opes

284 3311 363 3355 suas
386 3294 448 3355 iam
465 3292 589 3354 ablatas
612 3308 688 3352 asse
709 3291 798 3353 vidit.
840 3291 904 3352 l‘ar
930 3291 1049 3371 aliquot
1069 3289 1139 3353 dies
1162 3301 1276 3354 tacens
1296 3287 1372 3352 oxori

284 3400 436 3481 narravit,
458 3417 496 3459 se
518 3399 677 3460 urinatore
699 3395 837 3478 quodam
861 3397 968 3458 occiso
990 3395 1115 3458 duabus
1135 3399 1301 3460 unionibus
1319 3413 1371 3476 po-

284 3502 374 3565 titum
399 3521 474 3564 esse
496 3513 529 3565 et
550 3503 689 3585 quodam
713 3503 784 3566 loco
806 3503 1058 3586 abscondidisse,
1079 3505 1172 3588 simul
1195 3521 1311 3566 servae
1329 3499 1371 3562 di·

285 3627 377 3692 nans,
399 3611 427 3672 si
448 3609 527 3670 hera
547 3617 604 3671 tua
624 3619 657 3672 te
678 3609 720 3671 ad
741 3610 950 3671 Hascliimum
972 3611 1065 3684 misit,
1092 3609 1199 3670 adme
1215 3609 1370 3690 priusve·

286 3719 367 3780 nias.
410 3718 545 3782 llactum
575 3726 646 3796 cst,
680 3716 947 3797 quemadmodum
980 3715 1192 3796 praeviderat.
1233 3716 1321 3778 llora
1339 3707 1373 3771 ad

285 3822 495 3886 llaschimum
515 3841 647 3884 servam
668 3823 762 3884 misit.
805 3824 886 3885 Tum
916 3821 1076 3884 Chidhrus
1104 3821 1235 3884 fratrem
1265 3817 1371 3898 Zojai·

284 3931 359 3995 dnm
380 3917 491 3992 seciam
513 3927 634 3989 aluoens
655 3926 697 3992 ad
717 3929 814 3992 istum
835 3929 938 3990 locum
966 3937 1040 3990 anta
1067 3927 1280 3990 llaseliimum
1306 3941 1373 4004 per-

282 4041 382 4102 venit
423 4037 470 4099 lbi
490 4035 669 4099 absconditi
688 4037 897 4098 Hasoliimnm
919 4035 1112 4099 audiverunt
1133 4049 1369 4097 versusoanen·

285 4155 362 4226 tem,
386 4143 502 4225 quibus
531 4149 598 4202 tota
621 4159 674 4203 ras
695 4143 799 4222 palem
821 4141 923 4205 lieret.
945 4141 1109 4206 Chidhrus
1130 4149 1235 4203 autem
1255 4141 1287 4200 in
1306 4138 1372 4200 lla·

284 4253 441 4316 sommum
470 4250 622 4331 impetam
654 4247 780 4312 taciens
808 4247 902 4312 dixit:
945 4247 1010 4329 Qui
1043 4249 1137 4311 latuit
1166 4248 1287 4312 asianam
1318 4243 1372 4306 sil·
