2892 5022
684 378 727 394 ...
765 343 832 408 m
870 375 914 394 ...

246 511 474 623 ,μυ-ιω
498 524 730 608 nannius
750 545 815 588 non
835 517 1254 606 murtumpvnnur.300u.
1278 517 1346 583 s·-

246 650 410 714 nrechscb.
430 651 535 714 Poeta
554 649 761 739 proverbium
783 648 894 711 versui
914 647 1055 710 inseruit:

247 790 558 930 efflirfflaffl
580 789 668 918 ἐϋ
693 791 810 931 .νὲϋέ
838 797 984 924 Q>
1008 792 1121 921 &Q
1138 778 1253 925 ῡϋϋέ
1279 787 1349 918 ἕὲϋ

245 997 451 1082 „Contentus
479 1005 551 1061 esto
580 985 663 1060 tritis
682 957 848 1078 uestibus,
878 996 952 1059 dum
982 947 1293 1077 novasassequeris
1315 1005 1348 1060 et

287 1123 346 1167 osu
365 1102 514 1166 adhibitis
534 1100 672 1164 dentium
694 1101 960 1185 extremitatibus,
981 1099 1085 1163 donec
1105 1121 1162 1182 per
1180 1120 1273 1165 esum
1287 1121 1350 1164 ex·

246 1199 254 1208 “
292 1207 403 1275 tremis
424 1208 573 1272 dentibus
595 1207 636 1271 ed
658 1225 747 1271 esuru
770 1215 837 1270 toto
860 1227 914 1271 ore
934 1203 1140 1290 pervenias.“

327 1343 456 1404 Versus
488 1349 624 1430 metrum
646 1342 772 1404 'l'bowil
790 1351 851 1404 est.
874 1358 903 1404 c.
923 1344 945 1406 Ι.
967 1361 1008 1403 m.
1029 1361 1059 1422 p.
1090 1341 1156 1406 161.
1201 1343 1349 1406 Prover·
1444 1377 1445 1384 κ

244 1447 421 1510 biisutem
450 1466 569 1512 sensus
591 1457 660 1512 est:
703 1451 836 1512 Leniter
856 1448 983 1532 agendo
1009 1446 1049 1510 ad
1072 1449 1169 1532 teugo
1189 1464 1350 1514 remotum

244 1555 340 1620 flocus
360 1554 489 1618 tandem
498 1556 714 1638 pervenimus.
736 1556 823 1620 coni.
845 1557 939 1625 iiam.
962 1556 1115 1639 Djeubar.
1136 1575 1168 1619 v.
1190 1555 1353 1657 μη]

539 1673 638 1854 3ἓῖ
673 1707 940 1862 &petet
1010 1759 1049 1838 tv

246 1983 305 2051 17.
358 1975 433 2046 ium
460 1974 623 2050 camelus
649 1978 812 2053 cometae
836 1977 962 2053 similis
987 1979 1109 2054 factus
1134 1997 1202 2056 est.

284 2131 378 2213 Sunt,
403 2133 457 2214 qui
477 2133 679 2214 proverbium
701 2135 882 2200 'Pbareiabo
904 2137 965 2199 ben
979 2139 1129 2202 -xtauud
1155 2139 1353 2210 adscribant.

240 2235 399 2318 Narrant,
436 2249 564 2319 poetam
591 2241 848 2323 Aimosajjebum
879 2245 1081 2308 ben-Abtns
1116 2246 1202 2336 opud
1234 2269 1350 2334 rogem

240 2344 390 2406 veisibus
410 2347 569 2409 carnelum
588 2347 634 2409 ita
656 2345 885 2434 descripsisse,
906 2363 940 2414 ut
961 2356 1227 2418 cornetaesimiiis
1249 2368 1351 2421 esset

151 2504 157 2516 ,
238 2449 335 2513 Hauc
371 2459 477 2513 autem
515 2469 646 2516 causum
675 2455 795 2539 troisse,
830 2476 886 2519 cur
920 2457 1123 2524 'l'boratnbus
1152 2463 1214 2525 iste
1245 2467 1350 2529 verbs

157 2567 160 2576 ’
240 2556 366 2620 dixerit.
408 2557 471 2619 Atii
504 2557 630 2642 dicunt,
673 2570 802 2642 poetun
823 2565 1139 2632 Aluntuiammesum
1170 2589 1289 2635 versus
1320 2577 1352 2637 in
1444 2601 1445 2606 ¹

240 2673 341 2748 gente
369 2663 451 2726 Keis
479 2664 758 2733 ben-'i'sablebob
793 2670 939 2756 dixisse,
969 2672 1041 2738 dum
1082 2675 1287 2742 'l'harafabus
1318 2684 1350 2745 in

240 2773 413 2852 propinquo
435 2789 507 2834 cum
534 2773 641 2854 pueris
662 2775 747 2836 lusui
769 2773 895 2840 deditus
922 2789 1030 2866 osset,
1053 2792 1086 2844 et
1113 2803 1208 2866 quum
1231 2787 1353 2854 Abno-

241 2877 450 2939 tulommesus
478 2879 540 2941 isto
567 2879 660 2942 ruodo
682 2882 840 2943 carnelum
862 2881 1106 2972 descripsisset,
1128 2890 1354 2960 'l'barefabum

240 2981 304 3042 ista
338 2982 439 3044 verba
465 2981 596 3045 dixisse.
638 2985 766 3050 Versus
799 2989 873 3050 vide
899 2991 985 3072 apud
1018 2995 1159 3058 Roisk.
1189 3003 1351 3086 prolog.

240 3085 288 3148 ad
309 3086 522 3151 'l'barafam
544 3109 574 3171 p.
599 3091 667 3155 144.
689 3101 728 3156 et
749 3095 988 3161 ctVuliersi
1009 3101 1310 3171 Moaliak-'I'barati
1322 3132 1353 3194 p.

202 3289 211 3297 ι
240 3191 273 3254 3.
285 3191 550 3258 Abu-Obboidus
571 3195 661 3279 dixit,
683 3202 885 3282 proverbium
898 3205 1095 3290 siguificare,
1104 3228 1158 3274 res
1170 3216 1353 3294 permixtas

240 3303 275 3358 et
296 3298 450 3362 contusas
471 3320 556 3364 esse.
692 3303 693 3308 ’
1001 3337 1005 3340 ·

239 3698 296 3769 18.
348 3694 485 3769 Ducite
500 3721 598 3788 eum,
626 3699 717 3786 duni
730 3706 767 3776 in
785 3732 908 3807 genua
922 3714 1149 3812 procumbit,
1172 3737 1349 3809 meeum!

321 3851 482 3937 Narrant,
509 3855 673 3922 mulierem
709 3863 866 3926 camelum
893 3866 925 3930 iu
950 3883 1056 3948 genua
1083 3875 1349 3952 procumbentem

172 3996 178 4006 ·
240 3960 490 4036 conscendisse,
519 3973 553 4025 et
573 3982 671 4047 quum
703 3969 733 4030 ei
755 3970 929 4038 iumentum
951 3979 1172 4044 conscendere
1190 3985 1353 4073 placeret,

237 4066 303 4130 ista
322 4067 425 4132 vertn
444 4067 584 4158 dixisse,
606 4091 691 4156 quae
710 4079 872 4156 proverbii
890 4083 964 4146 ioco
984 4081 1024 4150 do
1045 4104 1085 4148 oo
1108 4086 1266 4178 demur,
1288 4098 1347 4182 qui

235 4175 387 4245 notioris
406 4177 495 4243 vitae
516 4183 779 4256 consuetudinem
791 4186 882 4256 baud
900 4199 1026 4274 nauus,
1043 4197 1129 4262 molli
1149 4199 1219 4265 vita
1238 4205 1349 4270 utitur.
