2902 5036
504 389 734 451 ..785-

62 561 132 624 nisi
161 560 300 643 ampulla
321 567 411 642 esta3
442 560 517 624 rlum
543 561 703 624 seeantior
724 579 819 642 quam
850 541 977 644 gladius
998 571 1031 624 et
1051 563 1174 626 aoutior

61 647 167 749 quom
187 667 380 730 uovaoulum
401 673 463 728 est.
493 665 586 745 Quod
609 668 637 728 si
659 684 736 728 vero
757 667 907 730 lucernae
927 667 984 732 lux
1005 669 1035 728 in
1056 669 1174 731 vitrum
1228 709 1231 718 «

63 773 178 854 eadit,
205 773 337 835 luoerna
364 781 396 834 et
424 774 542 836 vitrum
578 790 641 837 une
673 773 802 836 luoerna
836 771 931 855 liunt,
963 773 1038 836 dum
1074 775 1175 836 altera

62 899 124 943 res
158 882 190 942 iu
220 880 352 943 alteram
378 882 481 942 luoem
519 879 630 942 reiioit.
671 880 821 942 Huiusce
854 882 902 943 rei
937 882 1116 961 exemplum
1145 883 1176 943 in

62 987 221 1067 speculo,
251 984 365 1067 aquae'
388 984 558 1067 superficie
585 994 619 1048 et
652 985 736 1047 vitro
766 987 919 1070 oernitur,
948 987 979 1050 iu
1011 1006 1091 1070 quos
1121 1006 1174 1051 res

64 1092 96 1154 si
126 1093 212 1154 lueis
239 1091 319 1156 radii
349 1091 509 1174 incidunt,
538 1095 594 1155 lux
621 1091 821 1174 duplicatur,
853 1093 898 1156 ita
922 1101 973 1170 ut,
1001 1095 1030 1156 si
1061 1097 1092 1156 iu
1112 1095 1175 1156 lro-

64 1199 167 1260 minis
187 1198 298 1260 oeulos
326 1195 510 1274 ineidat,is
539 1215 670 1260 eernere
696 1217 758 1260 nou
781 1199 902 1279 possit,
928 1201 991 1262 imo
1018 1199 1176 1276 interdum

64 1321 193 1368 eaeoas
214 1302 278 1366 ilat.
321 1305 410 1366 Dixit
430 1305 521 1366 Deus
542 1303 713 1366 altissimus
736 1302 819 1383 (Sur
839 1305 1062 1383 xx1v‚³5):
1084 1308 1175 1369 Deus

66 1418 124 1472 est
148 1411 205 1470 lux
237 1409 396 1472 eoelorum
417 1415 450 1470 et
475 1419 588 1472 terrae.
609 1409 689 1470 Eius
711 1409 765 1470 lux
795 1409 1009 1490 comparanda
1029 1419 1081 1474 est
1102 1431 1175 1476 oum

67 1517 228 1590 fenestro,
269 1514 301 1576 iu
327 1532 390 1594 quo
413 1514 542 1614 lpoerua
572 1514 785 1577 esthueerua
805 1515 837 1578 in
857 1517 940 1579 vitro
962 1524 1023 1579 est.
1045 1517 1174 1580 Vitrum

67 1623 175 1686 simile
199 1629 250 1682 est
270 1621 383 1684 stellae
411 1621 558 1704 fulgenti,
586 1637 747 1684 aeoeusee
777 1641 820 1685 ex
849 1621 961 1685 arbore
989 1632 1050 1686 eto.
1094 1623 1175 1688 0leo

69 1739 181 1792 autem
215 1729 246 1789 in
273 1725 358 1790 vitro
393 1736 444 1791 est
471 1730 527 1793 lux
555 1727 716 1812 duplicata
744 1737 777 1792 ot
803 1729 953 1811 splendor
985 1729 1175 1811 duplicatus.
1202 1792 1212 1806 ,

69 1835 159 1897 conl.
190 1834 297 1896 Harir.
317 1829 430 1930 p'pvt‘,
457 1835 506 1903 la·

74 2292 161 2363 rit.
211 2286 359 2372 Puoior,
386 2307 500 2385 quam
526 2307 602 2355 nox
628 2277 784 2354 Alzndur
811 2279 1006 2384 appellata.

157 2437 291 2518 Proprie
320 2443 371 2498 est
396 2454 473 2497 uox
503 2434 663 2511 reditus
696 2435 747 2496 ab
777 2453 893 2515 oqua.
929 2435 988 2497 Sio
1015 2436 1176 2517 appellata

70 2553 125 2606 est
146 2562 224 2625 uox,
244 2561 310 2624 qua
330 2543 479 2605 Meeoam
500 2542 754 2627 peregrinantes,
776 2541 872 2604 linitis
893 2543 989 2604 robus
1010 2543 1122 2616 saeris,
1156 2559 1175 2602 o

70 2650 162 2715 vallo
183 2651 272 2711 Minu
294 2647 422 2711 domum
451 2646 554 2710 redire
582 2648 748 2728 solebant,
787 2648 862 2729 quio
883 2666 975 2710 nomo
997 2647 1038 2708 ud
1061 2664 1175 2726 equom

70 2757 266 2821 remanebat.
289 2756 373 2838 conf.
395 2755 507 2819 Reisk.
529 2753 572 2818 od
593 2753 742 2818 Abult'ed.
770 2755 882 2816 Annal.
914 2755 951 2816 Τ.
972 2755 1017 2834 ll,
1045 2773 1075 2833 p.
1100 2750 1175 2814 304.

71 2875 107 2928 ot
130 2864 170 2928 C.
191 2863 286 2944 xlv,
310 2861 380 2928 110.

75 3309 160 3381 115.
212 3301 361 3392 Potior,
385 3277 500 3403 quam
527 3297 723 3402 speculum
748 3300 979 3402 peregrinae.

153 3452 336 3536 Peregrina
356 3451 419 3514 hoo
438 3452 470 3514 iu
490 3450 660 3532 proverbio
683 3450 789 3530 puella
810 3456 872 3530 est,
895 3464 978 3528 quae
999 3445 1102 3510 aviro
1115 3465 1176 3528 pe-

70 3557 202 3641 regrino
223 3560 255 3620 in
274 3558 507 3622 matrimonium
528 3557 625 3622 ducta
646 3567 705 3620 est
728 3557 816 3618 'l'alis
838 3565 944 3619 autem
958 3554 1064 3637 puella
1082 3571 1176 3634 quum

68 3667 313 3751 peregrinorum
332 3667 600 3748 vituperationem
622 3664 743 3750 timeat,
770 3665 939 3746 speculum
960 3682 1054 3726 suum
1074 3662 1174 3742 polire

69 3778 169 3860 solat,
191 3785 228 3838 ut
248 3776 363 3851 omnio,
384 3793 469 3857 quae
489 3775 560 3838 aliis
581 3773 752 3854 displicere
772 3773 915 3853 possint,
949 3788 971 3832 a
998 3787 1035 3830 se
1065 3785 1175 3829 remo-

68 3891 162 3946 veat.
204 3881 299 3946 conl.
322 3880 402 3964 Cup.
425 3881 645 3964 xxv1,1o⁷.
673 3877 763 3940 Dixit
783 3883 879 3958 poeta
901 3871 1174 3939 Dsu’l-liommah

69 3990 231 4054 camelam
254 3988 463 4052 describens.

141 4121 260 4268 esis-i
280 4128 394 4265 affl
416 4155 495 4266 otas
522 4157 605 4237 u»,
631 4110 722 4231 almi
743 4113 953 4259 &ionio

72 4332 133 4409 „Ei
156 4331 313 4395 eatumis
336 4327 442 4394 tenuis
465 4337 497 4392 et
525 4323 623 4390 orauii
648 4342 723 4406 pars
743 4323 954 4405 protuberans
975 4339 1059 4410 pone
1079 4335 1176 4384 anre
