2906 5028
718 303 947 368 -uof

280 491 381 572 deret,
401 507 476 552 uam
496 487 527 550 iu
549 490 654 568 ipsum
676 483 922 568 praecedentem
943 481 985 548 ad
994 491 1136 564 muteum
1156 499 1270 564 aquarn
1289 479 1367 544 hau·

278 598 364 658 rinos
385 611 484 656 onnes
502 592 545 656 ad
565 590 773 656 mordendum
795 589 950 670 Instigare
971 587 1117 668 solebat3
1146 607 1239 649 nemo
1260 587 1291 650 in
1309 605 1366 668 pa-

281 704 346 766 buli
367 701 460 784 copia
480 700 579 763 alium
602 699 766 780 incitaret,
799 705 833 758 ut
862 696 977 777 pabulo
1007 694 1067 756 nisi
1095 694 1134 756 ab
1163 693 1234 773 ipso
1263 693 1368 754 relicto

281 817 435 889 uteretur,
458 825 552 868 nenio
573 803 613 866 ad
634 805 740 882 ipsum
761 802 927 864 sedentem
949 799 1121 882 praeterire
1151 796 1294 878 auderet,
1314 816 1369 858 ne-

283 938 336 979 mo
358 933 465 979 noram
487 915 558 996 ipso
587 914 651 974 alta
672 929 756 972 voce
787 911 986 990 loqueretur,
1026 923 1118 968 nemo
1146 907 1178 968 iu
1200 905 1272 968 eius
1294 921 1368 967 non·

284 1041 382 1085 sessu
402 1019 487 1102 loqui
508 1017 649 1080 auderet
694 1014 826 1080 Colaibo
847 1014 942 1096 igitur
962 1032 982 1076 a
1010 1011 1169 1093 Djassaso
1198 1011 1308 1074 oeeisa
1333 1015 1372 1085 (o

287 1127 325 1188 C.
341 1129 432 1208 x111,
457 1125 542 1196 1¹4.)
563 1119 764 1183 Mnhalhelus
784 1120 846 1181 hos
868 1118 946 1180 dixit
967 1135 1099 1180 versus:

448 1287 456 1312 t
497 1281 543 1312 ου’

285 1269 1376 1419 Mmtunrmonm

288 1491 1376 1646 emmerammum

290 1719 442 1800 „Certior
463 1719 570 1780 fantus
591 1735 679 1800 sum,
705 1718 812 1798 ignem
832 1726 865 1779 te
886 1726 1010 1780 mortuo
1031 1735 1108 1780 esse
1129 1735 1318 1800 accensum,
1349 1724 1379 1778 et

329 1837 361 1889 te
384 1834 518 1903 mortuo,
540 1844 559 1885 o
582 1817 731 1887 Colaibei
754 1825 984 1887 convenientes
1005 1825 1037 1885 in
1058 1841 1217 1887 consessu
1239 1844 1279 1888 se
1299 1824 1379 1886 invi·

283 2007 286 2014 1
334 1950 406 1995 eem
427 1931 589 2010 probrosis
610 1931 719 1993 verbis
738 1931 882 2010 petiisse,
913 1941 947 1993 et
978 1931 1103 1993 Ioontos
1126 1950 1202 1993 esse
1229 1931 1273 1994 de
1301 1933 1379 1994 omni

330 2057 365 2100 re
386 2037 488 2119 gravi.
532 2037 627 2116 Quod
649 2038 676 2098 si
698 2047 735 2098 tu
755 2054 910 2117 praesens
931 2036 1063 2120 farisaeis,
1085 2057 1125 2098 ne
1147 2057 1244 2101 unum
1260 2037 1379 2120 quidem

330 2145 464 2207 verbnm
484 2138 727 2226 protrriissent.“
771 2141 865 2206 Conf.
892 2144 1055 2208 Hamas.
1075 2166 1105 2227 p.
1127 2149 1171 2214 tt·
1192 2163 1264 2230 sqq.
1285 2145 1381 2210 Herio

332 2287 361 2348 p.
387 2267 454 2330 192.

692 2467 860 2660 &⁵553
896 2451 1002 2624 &gli
1074 2513 1121 2590 ur

293 2751 381 2822 212·
432 2744 577 2817 Maiore
604 2722 945 2816 cum-difficultate
979 2741 1148 2840 loquens,
1185 2765 1298 2841 quam
1324 2743 1384 2814 Bn-

432 2867 540 2940 kilus.

379 3015 553 3097 Bakilnse
584 3021 681 3095 gente
709 3013 780 3096 Ijad
809 3013 959 3077 oriundus
987 3021 1069 3080 erat.
1111 3011 1385 3076 Abu-Obbaidns

294 3121 386 3202 dixit,
409 3139 482 3182 eum
503 3118 545 3182 ad
563 3127 694 3202 gentem
716 3119 842 3184 Ranian
862 3121 1062 3202 pertinuisse.
1093 3119 1200 3181 'Iante
1220 3139 1295 3182 eum
1316 3136 1386 3180 ser-

292 3228 394 3290 monis
436 3227 618 3307 Impotentia
659 3226 825 3289 laborasse
874 3236 1019 3309 narrant,
1082 3207 1116 3290 ui
1161 3226 1387 3309 interrogatus,

280 3344 411 3416 ·qunnto
439 3329 554 3396 dorcas
582 3333 622 3394 ab
649 3333 718 3415 ipso
748 3341 856 3416 emta‚‘
895 3353 988 3416 quarn
1017 3334 1076 3398 sub
1104 3333 1233 3397 brachio
1256 3341 1386 3413 teneret,

294 3449 467 3522 constaret,
489 3459 601 3503 manus
621 3441 809 3504 extenderet
830 3451 864 3504 et
883 3444 1024 3525 linguam
1052 3450 1201 3504 exereret
1221 3441 1388 3524 signifiea-

294 3560 402 3613 tnrus:
437 3546 584 3610 undeoirn
619 3547 788 3612 drachmis.
809 3549 989 3612 Dorondent
1019 3558 1127 3613 autam
1155 3550 1199 3610 ita
1226 3547 1386 3610 dimissam

294 3652 475 3738 aufugisse,
497 3661 635 3718 narrant
677 3655 773 3719 IIauo
799 3657 839 3717 ob
861 3675 992 3720 oausam
1013 3658 1216 3738 vituperatus
1235 3655 1388 3718 hosver-

294 3779 351 3824 sus
376 3781 446 3824 eum
469 3760 589 3824 dixisse
615 3763 821 3826 contendunt:
