2900 5026
775 377 900 439 ...1ss
941 407 983 420 .-

322 562 468 642 amabat,
497 561 556 623 sed
578 532 826 642 impediebatur,
857 558 1023 639 quominus
1045 575 1117 620 eam
1138 559 1172 620 in
1193 561 1422 622 matrimonium

322 667 463 730 duceret.
485 668 550 728 Hic
570 666 705 748 quodam
726 665 778 727 die
798 673 974 746 cumpatre
988 665 1113 743 puellae
1127 665 1276 729 foliorum
1285 667 1422 732 Karaths

322 769 571 854 colligendorum
580 790 680 836 cauae
701 771 834 833 exierat.
855 773 891 832 ln
912 780 1009 851 puteo
1030 771 1159 852 antiquo
1178 774 1241 835 mei
1257 774 1298 836 ab
1312 776 1420 854 opibus

321 879 491 942 collectum
512 881 725 962 inveniebant,
747 889 781 942 et
801 888 888 940 sorte
920 877 1016 938 ducta
1043 875 1204 941 Jadocoro
1227 886 1259 941 in
1281 890 1418 961 puteum,

324 995 359 1046 ut
383 988 445 1048 mei
474 987 546 1049 inde
577 988 755 1070 colligeret,
782 983 1037 1047 dercendendum
1068 995 1144 1046 erat
1187 985 1416 1050 Chosaimahun

320 1101 426 1154 autem
448 1113 522 1156 eunr
544 1093 617 1156 inde
639 1092 776 1155 educere
798 1093 979 1172 recusavit,
1024 1091 1084 1152 nisi
1112 1091 1204 1154 iiiiam
1233 1094 1414 1156 Fathimam

312 1197 380 1278 ¹ipsi
401 1199 431 1259 in
450 1201 680 1263 matrimonium
703 1198 856 1262 dedisset.
897 1199 1001 1277 Alter,
1022 1217 1061 1259 ee
1090 1200 1151 1260 isto
1180 1199 1209 1260 iu
1238 1209 1323 1262 statu
1353 1219 1417 1262 rem

320 1322 382 1366 non
398 1307 555 1368 iacturum
568 1325 644 1368 esse
650 1307 738 1390 dixit,
751 1305 810 1368 sed
820 1307 847 1367 si
855 1309 960 1386 ipsum
969 1304 1147 1386 eduxisset,
1156 1307 1263 1366 iterum
1276 1309 1412 1386 petituro

319 1431 392 1474 eam
413 1413 490 1504 dare
511 1402 667 1494 promisit.¹
708 1413 947 1476 Chosaimairus
967 1419 1073 1474 etitem
1095 1431 1167 1473 cunr
1190 1413 1219 1473 in
1239 1424 1335 1493 puteo
1356 1433 1411 1473 re-

319 1519 463 1602 linquens
486 1521 575 1602 abiit,
597 1531 630 1582 et
651 1541 748 1602 quum
771 1522 897 1583 rediens
919 1519 959 1581 de
981 1519 1071 1580 socio
1081 1519 1340 1603 interrogaretur,
1362 1519 1412 1580 di-

320 1628 378 1706 xit,
402 1647 474 1689 eum
496 1628 557 1689 alia
578 1629 633 1688 via
655 1629 848 1708 incessias03
871 1625 929 1690 sed
942 1643 1037 1708 quum
1058 1623 1143 1686 illum
1164 1624 1415 1688 versusirosre-

317 1735 466 1796 citantem
488 1733 705 1795 audivissent:

465 1881 1270 2022 mineo„

316 2317 456 2400 oruella,
479 2337 519 2380 ac
540 2321 568 2380 si
589 2321 769 2404 fragmenta
790 2325 910 2387 ambari
929 2327 959 2387 in
989 2327 1058 2388 eiua
1081 2345 1135 2386 ore
1163 2343 1238 2387 cum
1267 2311 1342 2384 vino
1370 2323 1412 2380 ri-

356 2433 434 2506 gato
455 2425 529 2488 sint.
574 2427 687 2491 Occidi
723 2432 792 2492 eius
821 2439 963 2514 patrem,
992 2432 1064 2494 dum
1094 2451 1164 2494 eam
1194 2433 1356 2508 amabam3
1384 2436 1413 2487 et

356 2533 430 2594 mihi
453 2553 524 2595 eam
547 2546 601 2597 aut
622 2555 773 2599 recusare
794 2550 851 2601 aut
872 2538 948 2601 dare
970 2548 1124 2620 poteratur
1137 2539 1165 2618 ¹)

313 2675 384 2716 eum
407 2657 567 2719 occidisse
588 2660 702 2739 virum,
725 2671 884 2744 putarunt,
907 2670 940 2722 et
962 2681 999 2724 so
1020 2661 1207 2724 vindicaturi
1232 2682 1303 2724 cum
1326 2657 1412 2720 occi-

314 2760 390 2824 dere
426 2763 586 2827 volebant.
629 2767 674 2826 At
714 2769 843 2848 cognati
877 2769 1026 2830 iuvenem
1055 2767 1281 2831 defendebant.
1324 2767 1412 2827 Haeo

312 2880 381 2930 erat
404 2887 517 2953 causa,
539 2890 596 2934 cur
615 2890 699 2954 gens
720 2873 803 2936 Beer
825 2885 858 2935 et
878 2867 1139 2937 Kodhaah'inter
1160 2895 1196 2936 se
1219 2879 1408 2958 pugnarent,

312 2983 345 3034 et
366 2975 541 3040 'l'eharuam
567 2987 684 3058 posteo
709 2979 931 3060 relinquerent.
967 2980 1067 3042 'Alter
1097 3000 1225 3063 quoque
1255 2991 1306 3044 est
1340 2981 1409 3042 Ha-

311 3082 407 3143 rimus
415 3083 608 3164 appellatus,
624 3087 676 3166 qui
695 3086 920 3149 foliaKarathe
943 3088 1097 3169 colligens
1119 3090 1222 3167 periit.
1246 3089 1406 3168 Quaenam

310 3197 415 3249 autem
436 3188 510 3249 huic
531 3190 676 3253 interitus
698 3209 797 3256 causa
818 3193 923 3274 tuerit,
947 3194 1097 3256 nescitur.
1148 3192 1244 3256 Cont'.
1266 3195 1358 3256 Karn-
1377 3199 1405 3250 0¹

310 3293 362 3374 Dj.
384 3313 410 3356 a.
431 3316 463 3356 v.
485 3299 554 3393 *bf

308 3470 476 3644 52³]le
499 3499 577 3658 ὅ)
614 3542 702 3657 σῇ)
738 3483 812 3642 d„
849 3559 923 3629 er>
960 3483 1065 3665 ᾧ
1101 3476 1154 3627 d*
1190 3459 1293 3619 Μ
1356 3523 1404 3594 ⁰¹⁸

305 3728 364 3796 53.
417 3725 530 3821 Magis
557 3749 697 3812 errans,
724 3753 838 3826 quam
863 3725 1004 3799 lacerta
1031 3727 1167 3800 Dhabb
1196 3723 1401 3828 appellata,

417 3872 532 3947 quam
557 3845 696 3920 lacertu
731 3847 863 3922 Warul
896 3846 1100 3951 appellatn3
1140 3875 1255 3951 quam
1279 3847 1400 3922 foetus

415 3973 530 4044 muris
557 3975 784 4074 campestris.

301 4190 518 4202 -,---·-

322 4323 349 4375 t)
367 4323 502 4374 Verauum
520 4330 633 4376 metrum
651 4327 803 4377 Momknrib
822 4333 870 4378 est.
888 4331 924 4396 ιΟ.
941 4333 961 4390 Ι,
979 4347 1013 4383 nr.
1033 4350 1057 4398 r.
1073 4337 1136 4384 231.
