2892 5022
102 535 161 588 turn
190 511 484 606 proficiscerentur,
516 520 720 598 advocasse3
747 519 806 581 sed
845 519 1002 582 hominem
1017 533 1101 580 ‘eum
1134 533 1193 580 se-

102 641 202 695 cutum
229 650 314 696 esse.
375 629 484 708 Quum
519 626 640 690 sororis
677 625 760 689 filius
797 625 975 688 liolraimus
1017 625 1195 706 appellatus

102 736 303 818 adolevisset,
326 738 412 800 hune
432 735 493 796 sibi
514 733 578 795 tale
600 734 782 804 iumentum,
806 731 902 813 quale
922 732 1111 799 lrolrmanus
1131 729 1193 793 lra-

101 845 192 922 beret,
225 859 453 924 comparasse,
476 849 509 903 et
537 857 634 921 quom
663 839 850 902 Lolimonus
877 839 985 900 socios
1011 837 1195 904 invitasset.

102 970 226 1014 seeum
250 959 436 1014 secuturum
457 933 557 1030 csse,
589 947 719 1010 dixisse.
762 946 951 1031 lucursione
971 943 1080 1010 hostili
1107 943 1195 1007 laeta

100 1069 259 1139 utrumqne
288 1055 431 1120 camelos
458 1057 491 1118 in
518 1073 609 1117 suam
631 1061 824 1135 potestatem
847 1052 1035 1134 redegisse,
1065 1060 1193 1114 etcum

100 1162 144 1224 lris
164 1163 204 1226 ed
234 1183 313 1226 suos
341 1162 487 1226 rediisse.
528 1162 611 1224 'lum
641 1179 700 1222 eos
726 1161 932 1243 convenisse,
951 1167 988 1222 ut
1018 1160 1197 1224 Lourinon

101 1273 235 1334 camelos
256 1269 298 1332 ad
318 1269 469 1351 pabulum
489 1269 707 1350 vespertinum
728 1267 890 1352 educeret,
911 1267 1097 1329 Lolimanus
1112 1285 1193 1329 vero

100 1377 223 1440 mactati
248 1376 361 1440 cameli
381 1393 496 1438 earnes
518 1381 652 1438 assaret.
692 1373 892 1436 Lolrmonum
916 1381 1036 1457 autem,
1060 1381 1096 1435 ot
1124 1374 1195 1436 ho-

103 1483 251 1566 kaimum,
274 1503 368 1563 quem
389 1484 462 1546 odio
483 1483 627 1560 heberet,
650 1481 833 1546 redeuntem
860 1482 901 1545 ad
929 1484 1033 1547 cibum
1062 1501 1197 1546 sumen-

103 1591 171 1653 dum
204 1589 364 1672 perderet,
386 1591 515 1654 foveam
535 1591 611 1673 igne
631 1589 793 1672 impletam
815 1597 848 1652 et
868 1607 968 1672 supra
994 1597 1115 1655 tectam
1136 1607 1199 1670 pa-

101 1716 191 1759 rasse
211 1699 241 1760 in
263 1700 335 1760 loco
358 1696 496 1778 Scherdj
519 1697 695 1782 appellato,
728 1699 821 1760 cuius
841 1697 951 1779 spinas
972 1697 1014 1758 ibi
1043 1713 1198 1758 crescen-

101 1813 146 1866 tes
166 1805 372 1867 resecuisset
415 1803 604 1872 Lokaimum
635 1804 882 1887 advenientem,
918 1821 1014 1886 quum
1048 1803 1080 1866 in
1113 1804 1197 1870 loce.

103 1913 151 1976 ubi
180 1913 291 1994 spinas
313 1929 390 1976 csse
415 1913 527 1994 sciret,
549 1913 660 1995 spinas
681 1932 744 1975 non
764 1911 900 1994 videret,
922 1911 1068 1974 dixisse:
1088 1922 1197 1996 aget

99 2031 193 2124 great
217 2029 312 2127 Ul)
340 2033 439 2126 Legat
462 2038 535 2144 ὄρ
567 2027 714 2116 „Similis
736 2036 826 2090 esset
846 2005 936 2090 loeus
957 2027 1094 2111 Scherdj
1124 2029 1197 2093 loco
1306 2075 1309 2088 .

100 2151 248 2234 Schardj,
258 2154 289 2216 si
298 2154 411 2235 spinae
423 2151 609 2234 adessent,u
626 2151 688 2232 (de
701 2169 765 2232 quo
780 2151 1197 2238 permundatum,
1248 2195 1250 2202 ,

100 2255 311 2341 dlletquum
323 2258 355 2320 in
373 2260 456 2322 illam
474 2259 604 2321 loveam
620 2257 697 2339 igne
714 2257 875 2338 impletam
897 2267 930 2322 et
943 2265 1062 2324 tectam
1073 2261 1197 2327 camela

101 2365 240 2430 incidens
272 2366 382 2448 lugam
416 2367 578 2447 cepisset,
625 2363 815 2428 ΙιοΙιαίιιιιιιιι
846 2364 907 2428 has
933 2365 1092 2430 Lokmeni
1117 2369 1199 2431 insi-

103 2473 167 2536 dias
189 2473 341 2536 evitasse.
361 2474 436 2536 Nee
448 2473 720 2545 nonLokmanum
741 2473 772 2534 in
794 2489 855 2536 suo
865 2472 974 2556 gladio
985 2475 1030 2538 ita
1045 2484 1083 2538 ut
1103 2477 1209 2560 gladii

103 2580 187 2640 acies
210 2586 386 2662 tegeretur,
407 2595 522 2642 carnes
547 2585 580 2638 et
606 2578 695 2639 iecur
723 2585 756 2640 et
777 2578 907 2659 gibbum
931 2577 1131 2661 disposuisse
1159 2599 1200 2642 ea

104 2701 201 2746 eausa
208 2684 394 2768 adductum,
410 2683 642 2746 uthokaimum
652 2685 703 2746 illa
711 2693 874 2766 capturum
888 2683 996 2766 gladio
1009 2684 1201 2764 trucidaret3

102 2798 133 2850 at
154 2789 343 2852 Lokaimum
365 2807 461 2871 quum
482 2797 521 2850 et
537 2787 621 2849 illum
642 2787 747 2851 dolum
762 2787 1055 2870 animadvertisset,
1078 2789 1202 2854 dixisse

103 2896 165 2990 ,ut
191 2893 210 2976 h
233 2909 302 2992 &5³⁴
328 2897 354 2962 la
377 2897 481 2984 Q
506 2891 621 2991 ,mg
674 2897 746 2978 „ln
783 2894 991 2974 dispositione
1026 2893 1123 2978 gladii
1158 2893 1202 2959 tui

103 3019 203 3080 estid
225 3018 309 3100 quod
330 3018 437 3102 vides,
459 3038 479 3079 o
500 2999 707 3082 ΙιοΙιιιίιικΞῙ(ι
752 3017 857 3097 Quum
880 3027 988 3081 autem
1012 3020 1201 3082 hokmanus

104 3126 290 3188 societatem
314 3124 345 3186 in
369 3124 560 3188 camelorum
581 3125 793 3206 possessione
813 3123 920 3205 nollet,
953 3134 989 3187 ut
1016 3125 1201 3189 divideren-

105 3240 162 3312 tur,
183 3233 392 3313 proposuisse
413 3233 612 3296 lrokairuum.
656 3233 856 3294 Lokmanum
877 3231 1008 3316 dixisse,
1030 3251 1068 3296 se
1088 3252 1201 3300 mme-

107 3339 152 3399 los
172 3339 268 3400 dividi
290 3358 353 3400 non
375 3339 580 3419 probaturum
602 3355 680 3400 esse
700 3335 761 3399 nisi
782 3338 929 3421 ligatum,
951 3355 989 3400 se
1009 3338 1104 3421 igitur
1126 3362 1200 3406 eum
1273 3345 1274 3350 ’

106 3462 228 3530 rogare,
255 3454 292 3507 nt
323 3445 425 3526 ipsum
458 3445 584 3527 ligaret.
625 3444 732 3524 Quum
760 3445 855 3526 igitur
888 3447 1036 3528 exeeptis
1071 3448 1198 3512 circiter

107 3547 211 3613 docem
234 3551 367 3614 camelis
385 3550 480 3612 divisi
499 3558 628 3635 essent,
658 3550 754 3615 avida
774 3550 862 3614 fecta
881 3551 999 3636 anima,
1020 3552 1066 3615 ita
1085 3561 1122 3616 ut
1141 3575 1202 3618 an-

110 3653 231 3720 helitum
254 3677 298 3718 ex
317 3657 382 3720 imo
402 3667 534 3738 pectore
547 3656 686 3734 duceret,
709 3675 771 3739 quo
793 3657 914 3721 vinculi
934 3659 1001 3723 lora
1015 3679 1204 3741 rumperen-

111 3770 172 3843 tur,
191 3765 393 3828 lrokmanum
413 3763 552 3828 dixisse:
574 3763 676 3866 epidi
699 3764 806 3854 Mil,
824 3765 965 3864 emittit,
983 3767 1087 3866 ejelrtll
1100 3767 1207 3850 „dic-

111 3894 286 3951 tromanens
307 3909 328 3952 a
348 3909 463 3973 grege,
485 3898 519 3952 et
548 3908 622 3952 eum
646 3890 718 3951 aliis
747 3897 966 3951 retromanerrs
991 3906 1012 3949 a
1041 3905 1143 3972 grege
1173 3897 1206 3950 et

112 3997 243 4059 camelus
264 3997 432 4060 anniculus
454 3994 590 4076 rarus“;
613 4014 697 4078 quae
717 3995 818 4058 verbo
836 3995 867 4057 in
881 3993 1082 4076 proverbium
1102 4013 1207 4059 vene-

115 4109 189 4186 runt,
207 4103 225 4162 i.
247 4122 275 4164 e.
290 4121 401 4165 omnes
415 4095 546 4166 dividei
562 4103 753 4166 Lokoimum
774 4111 881 4166 autem
903 4099 1042 4188 dixisse:
1063 4101 1117 4168 eut
1142 4109 1209 4215 eus

114 4209 206 4308 &sed
230 4227 330 4316 ΨΜ
358 4227 470 4308 „Deus
492 4199 630 4290 animam
657 4235 779 4310 turpem
810 4227 849 4288 ab
877 4226 962 4288 omni
991 4226 1074 4290 bono
1099 4243 1208 4290 remo-

940 4429 985 4504 14
