<?xml version="1.0" encoding="UTF-8"?>
<!DOCTYPE html PUBLIC "-//W3C//DTD XHTML 1.0 Transitional//EN"
    "http://www.w3.org/TR/xhtml1/DTD/xhtml1-transitional.dtd">
<html xmlns="http://www.w3.org/1999/xhtml" xml:lang="en" lang="en">
 <head>
  <title>
</title>
<meta http-equiv="Content-Type" content="text/html;charset=utf-8" />
  <meta name='ocr-system' content='tesseract 3.04.00' />
  <meta name='ocr-capabilities' content='ocr_page ocr_carea ocr_par ocr_line ocrx_word'/>
</head>
<body>
  <div class='ocr_page' id='page_1' title='image "./arabumproverbia02alfgoog/arabumproverbia02alfgoog_0341.png"; bbox 0 0 2838 5024; ppageno 0'>
   <div class='ocr_carea' id='block_1_1' title="bbox 253 511 1341 722">
    <p class='ocr_par' dir='ltr' id='par_1_1' title="bbox 253 511 1341 722">
     <span class='ocr_line' id='line_1_1' title="bbox 254 511 1341 620; baseline -0.022 -21"><span class='ocrx_word' id='word_1_1' title='bbox 254 535 375 620; x_wconf 74' lang='lat' dir='ltr'><strong>glutita</strong></span> <span class='ocrx_word' id='word_1_2' title='bbox 419 533 503 596; x_wconf 81' lang='lat' dir='ltr'><strong>&#39;lum</strong></span> <span class='ocrx_word' id='word_1_3' title='bbox 525 529 686 596; x_wconf 85' lang='lat' dir='ltr'><strong>0bmnrus</strong></span> <span class='ocrx_word' id='word_1_4' title='bbox 706 523 802 588; x_wconf 83' lang='lat' dir='ltr'><strong>dixit:</strong></span> <span class='ocrx_word' id='word_1_5' title='bbox 828 525 863 585; x_wconf 85' lang='lat' dir='ltr'><strong>ls</strong></span> <span class='ocrx_word' id='word_1_6' title='bbox 885 521 929 583; x_wconf 79' lang='lat' dir='ltr'><strong>ite</strong></span> <span class='ocrx_word' id='word_1_7' title='bbox 949 527 1016 605; x_wconf 90' lang='lat' dir='ltr'><strong>est,</strong></span> <span class='ocrx_word' id='word_1_8' title='bbox 1036 535 1075 582; x_wconf 87' lang='lat' dir='ltr'><strong>se</strong></span> <span class='ocrx_word' id='word_1_9' title='bbox 1100 517 1205 600; x_wconf 80' lang='lat' dir='ltr'><strong>ipsum</strong></span> <span class='ocrx_word' id='word_1_10' title='bbox 1226 511 1341 598; x_wconf 81' lang='lat' dir='ltr'><strong>signill-</strong></span> 
     </span>
     <span class='ocr_line' id='line_1_2' title="bbox 253 621 1341 722; baseline -0.02 -17"><span class='ocrx_word' id='word_1_11' title='bbox 253 658 341 704; x_wconf 80' lang='lat' dir='ltr'><strong>oens.</strong></span> <span class='ocrx_word' id='word_1_12' title='bbox 384 639 466 703; x_wconf 77' lang='lat' dir='ltr'><strong>ilem</strong></span> <span class='ocrx_word' id='word_1_13' title='bbox 501 635 542 699; x_wconf 79' lang='lat' dir='ltr'><strong>ab</strong></span> <span class='ocrx_word' id='word_1_14' title='bbox 574 643 707 715; x_wconf 82' lang='lat' dir='ltr'><strong>utraque</strong></span> <span class='ocrx_word' id='word_1_15' title='bbox 735 639 825 712; x_wconf 84' lang='lat' dir='ltr'><strong>perte</strong></span> <span class='ocrx_word' id='word_1_16' title='bbox 862 629 1019 722; x_wconf 55' lang='lat' dir='ltr'><strong>ingretpm</strong></span> <span class='ocrx_word' id='word_1_17' title='bbox 1051 643 1129 688; x_wconf 84' lang='lat' dir='ltr'><strong>esse</strong></span> <span class='ocrx_word' id='word_1_18' title='bbox 1149 621 1341 707; x_wconf 82' lang='lat' dir='ltr'><strong>proverbium</strong></span> 
     </span>
    </p>
   </div>
   <div class='ocr_carea' id='block_1_2' title="bbox 253 746 424 831">
    <p class='ocr_par' dir='ltr' id='par_1_2' title="bbox 253 746 424 831">
     <span class='ocr_line' id='line_1_3' title="bbox 253 746 424 831; baseline -0.029 -22"><span class='ocrx_word' id='word_1_19' title='bbox 253 746 424 831; x_wconf 78' lang='lat' dir='ltr'><strong>significet.</strong></span> 
     </span>
    </p>
   </div>
   <div class='ocr_carea' id='block_1_3' title="bbox 420 887 1188 1108">
    <p class='ocr_par' dir='ltr' id='par_1_3' title="bbox 420 881 1188 1114">
     <span class='ocr_line' id='line_1_4' title="bbox 420 887 1188 1108; baseline -0.012 -58"><span class='ocrx_word' id='word_1_20' title='bbox 420 917 535 1054; x_wconf 53' lang='lat' dir='ltr'><strong>{di</strong></span> <span class='ocrx_word' id='word_1_21' title='bbox 557 909 622 1096; x_wconf 63' lang='lat' dir='ltr'><strong>,ii</strong></span> <span class='ocrx_word' id='word_1_22' title='bbox 656 912 760 1079; x_wconf 62' lang='lat' dir='ltr'><strong>ul,</strong></span> <span class='ocrx_word' id='word_1_23' title='bbox 796 887 934 1108; x_wconf 52' lang='lat' dir='ltr'><strong>alipii</strong></span> <span class='ocrx_word' id='word_1_24' title='bbox 966 916 1081 1065; x_wconf 62' lang='grc' dir='ltr'><strong>ύζὶ</strong></span> <span class='ocrx_word' id='word_1_25' title='bbox 1149 961 1188 1042; x_wconf 76' lang='lat' dir='ltr'><strong>tt</strong></span> 
     </span>
    </p>
   </div>
   <div class='ocr_carea' id='block_1_4' title="bbox 258 1221 1350 1460">
    <p class='ocr_par' dir='ltr' id='par_1_4' title="bbox 258 1221 1350 1460">
     <span class='ocr_line' id='line_1_5' title="bbox 258 1221 1350 1327; baseline -0.013 -21"><span class='ocrx_word' id='word_1_26' title='bbox 258 1233 319 1306; x_wconf 82' lang='grc'><strong>66.</strong></span> <span class='ocrx_word' id='word_1_27' title='bbox 370 1227 573 1320; x_wconf 88' lang='lat' dir='ltr'><strong>Quomodo</strong></span> <span class='ocrx_word' id='word_1_28' title='bbox 592 1225 639 1301; x_wconf 83' lang='lat' dir='ltr'><strong>ed</strong></span> <span class='ocrx_word' id='word_1_29' title='bbox 659 1244 695 1300; x_wconf 85' lang='lat' dir='ltr'><strong>te</strong></span> <span class='ocrx_word' id='word_1_30' title='bbox 707 1227 844 1302; x_wconf 86' lang='lat' dir='ltr'><strong>reverti</strong></span> <span class='ocrx_word' id='word_1_31' title='bbox 862 1233 1034 1327; x_wconf 80' lang='lat' dir='ltr'><strong>possum?</strong></span> <span class='ocrx_word' id='word_1_32' title='bbox 1061 1221 1145 1297; x_wconf 87' lang='lat' dir='ltr'><strong>Hoc</strong></span> <span class='ocrx_word' id='word_1_33' title='bbox 1163 1221 1350 1322; x_wconf 81' lang='lat' dir='ltr'><strong>vestigium</strong></span> 
     </span>
     <span class='ocr_line' id='line_1_6' title="bbox 370 1359 715 1460; baseline -0.017 0"><span class='ocrx_word' id='word_1_34' title='bbox 370 1359 510 1460; x_wconf 83' lang='lat' dir='ltr'><strong>securis</strong></span> <span class='ocrx_word' id='word_1_35' title='bbox 537 1400 623 1457; x_wconf 81' lang='lat' dir='ltr'><strong>tuae.</strong></span> <span class='ocrx_word' id='word_1_36' title='bbox 648 1397 715 1456; x_wconf 80' lang='lat' dir='ltr'><strong>est.</strong></span> 
     </span>
    </p>
   </div>
   <div class='ocr_carea' id='block_1_5' title="bbox 205 1544 1365 3562">
    <p class='ocr_par' dir='ltr' id='par_1_5' title="bbox 205 1544 1364 3244">
     <span class='ocr_line' id='line_1_7' title="bbox 343 1544 1353 1628; baseline -0.01 -13"><span class='ocrx_word' id='word_1_37' title='bbox 343 1547 512 1616; x_wconf 72' lang='lat' dir='ltr'><strong>Pr&#39;overbii</strong></span> <span class='ocrx_word' id='word_1_38' title='bbox 532 1551 626 1613; x_wconf 90' lang='lat' dir='ltr'><strong>huius</strong></span> <span class='ocrx_word' id='word_1_39' title='bbox 648 1551 730 1612; x_wconf 85' lang='lat' dir='ltr'><strong>inter</strong></span> <span class='ocrx_word' id='word_1_40' title='bbox 750 1549 877 1613; x_wconf 71' lang='lat' dir='ltr'><strong>Arabes</strong></span> <span class='ocrx_word' id='word_1_41' title='bbox 899 1547 1066 1627; x_wconf 82' lang='lat' dir='ltr'><strong>notissimi,</strong></span> <span class='ocrx_word' id='word_1_42' title='bbox 1089 1544 1173 1628; x_wconf 87' lang='lat' dir='ltr'><strong>quod</strong></span> <span class='ocrx_word' id='word_1_43' title='bbox 1194 1545 1225 1607; x_wconf 96' lang='lat' dir='ltr'><strong>in</strong></span> <span class='ocrx_word' id='word_1_44' title='bbox 1246 1546 1353 1626; x_wconf 78' lang='lat' dir='ltr'><strong>virtrrn,</strong></span> 
     </span>
     <span class='ocr_line' id='line_1_8' title="bbox 263 1655 1353 1744; baseline -0.01 -21"><span class='ocrx_word' id='word_1_45' title='bbox 263 1661 313 1744; x_wconf 87' lang='lat' dir='ltr'><strong>qui</strong></span> <span class='ocrx_word' id='word_1_46' title='bbox 333 1660 430 1724; x_wconf 87' lang='lat' dir='ltr'><strong>fidem</strong></span> <span class='ocrx_word' id='word_1_47' title='bbox 458 1660 564 1722; x_wconf 80' lang='lat' dir='ltr'><strong>dotem</strong></span> <span class='ocrx_word' id='word_1_48' title='bbox 597 1660 693 1738; x_wconf 78' lang='lat' dir='ltr'><strong>follit,</strong></span> <span class='ocrx_word' id='word_1_49' title='bbox 716 1657 849 1741; x_wconf 87' lang='lat' dir='ltr'><strong>dieitur,</strong></span> <span class='ocrx_word' id='word_1_50' title='bbox 871 1658 1031 1739; x_wconf 75' lang='lat' dir='ltr'><strong>originem</strong></span> <span class='ocrx_word' id='word_1_51' title='bbox 1046 1655 1096 1718; x_wconf 89' lang='lat' dir='ltr'><strong>sio</strong></span> <span class='ocrx_word' id='word_1_52' title='bbox 1122 1664 1265 1717; x_wconf 76' lang='lat' dir='ltr'><strong>narrent:</strong></span> <span class='ocrx_word' id='word_1_53' title='bbox 1287 1655 1353 1716; x_wconf 81' lang='lat' dir='ltr'><strong>Iino</strong></span> 
     </span>
     <span class='ocr_line' id='line_1_9' title="bbox 263 1761 1354 1848; baseline -0.005 -19"><span class='ocrx_word' id='word_1_54' title='bbox 263 1767 380 1830; x_wconf 81' lang='lat' dir='ltr'><strong>lretres</strong></span> <span class='ocrx_word' id='word_1_55' title='bbox 401 1765 568 1827; x_wconf 77' lang='lat' dir='ltr'><strong>sterilitate</strong></span> <span class='ocrx_word' id='word_1_56' title='bbox 599 1765 757 1848; x_wconf 78' lang='lat' dir='ltr'><strong>regionis,</strong></span> <span class='ocrx_word' id='word_1_57' title='bbox 781 1785 875 1848; x_wconf 86' lang='lat' dir='ltr'><strong>quom</strong></span> <span class='ocrx_word' id='word_1_58' title='bbox 890 1764 1089 1845; x_wconf 74' lang='lat' dir='ltr'><strong>incolebant,</strong></span> <span class='ocrx_word' id='word_1_59' title='bbox 1113 1764 1242 1824; x_wconf 88' lang='lat' dir='ltr'><strong>multum</strong></span> <span class='ocrx_word' id='word_1_60' title='bbox 1265 1761 1354 1824; x_wconf 81' lang='lat' dir='ltr'><strong>edili·</strong></span> 
     </span>
     <span class='ocr_line' id='line_1_10' title="bbox 263 1865 1354 1960; baseline -0.006 -24"><span class='ocrx_word' id='word_1_61' title='bbox 263 1876 429 1960; x_wconf 80' lang='lat' dir='ltr'><strong>gebentnr.</strong></span> <span class='ocrx_word' id='word_1_62' title='bbox 472 1874 507 1934; x_wconf 92' lang='lat' dir='ltr'><strong>ln</strong></span> <span class='ocrx_word' id='word_1_63' title='bbox 534 1875 707 1954; x_wconf 86' lang='lat' dir='ltr'><strong>propinquo</strong></span> <span class='ocrx_word' id='word_1_64' title='bbox 741 1873 835 1935; x_wconf 84' lang='lat' dir='ltr'><strong>vellis</strong></span> <span class='ocrx_word' id='word_1_65' title='bbox 870 1881 939 1934; x_wconf 82' lang='lat' dir='ltr'><strong>eret</strong></span> <span class='ocrx_word' id='word_1_66' title='bbox 961 1871 1074 1953; x_wconf 88' lang='lat' dir='ltr'><strong>pobulo</strong></span> <span class='ocrx_word' id='word_1_67' title='bbox 1096 1871 1259 1935; x_wconf 73' lang='lat' dir='ltr'><strong>abundans</strong></span> <span class='ocrx_word' id='word_1_68' title='bbox 1271 1917 1281 1950; x_wconf 95' lang='lat'><strong>,</strong></span> <span class='ocrx_word' id='word_1_69' title='bbox 1302 1865 1354 1931; x_wconf 91' lang='lat' dir='ltr'><strong>sed</strong></span> 
     </span>
     <span class='ocr_line' id='line_1_11' title="bbox 264 1977 1355 2062; baseline -0.006 -17"><span class='ocrx_word' id='word_1_70' title='bbox 264 2002 285 2045; x_wconf 80' lang='lat' dir='ltr'><strong>e</strong></span> <span class='ocrx_word' id='word_1_71' title='bbox 305 1989 474 2062; x_wconf 86' lang='lat' dir='ltr'><strong>serpente,</strong></span> <span class='ocrx_word' id='word_1_72' title='bbox 504 1981 557 2060; x_wconf 92' lang='lat' dir='ltr'><strong>qui</strong></span> <span class='ocrx_word' id='word_1_73' title='bbox 589 1997 713 2041; x_wconf 87' lang='lat' dir='ltr'><strong>omnem</strong></span> <span class='ocrx_word' id='word_1_74' title='bbox 741 1978 783 2040; x_wconf 89' lang='lat' dir='ltr'><strong>ibi</strong></span> <span class='ocrx_word' id='word_1_75' title='bbox 812 1978 983 2062; x_wconf 82' lang='lat' dir='ltr'><strong>degentem</strong></span> <span class='ocrx_word' id='word_1_76' title='bbox 1015 1977 1199 2052; x_wconf 76' lang='lat' dir='ltr'><strong>occidebat,</strong></span> <span class='ocrx_word' id='word_1_77' title='bbox 1220 1978 1355 2040; x_wconf 74' lang='lat' dir='ltr'><strong>defense.</strong></span> 
     </span>
     <span class='ocr_line' id='line_1_12' title="bbox 263 2083 1355 2167; baseline -0.005 -19"><span class='ocrx_word' id='word_1_78' title='bbox 263 2086 378 2149; x_wconf 79' lang='lat' dir='ltr'><strong>ll’rnter</strong></span> <span class='ocrx_word' id='word_1_79' title='bbox 409 2103 488 2151; x_wconf 80' lang='lat' dir='ltr'><strong>unus</strong></span> <span class='ocrx_word' id='word_1_80' title='bbox 517 2087 621 2167; x_wconf 81' lang='lat' dir='ltr'><strong>inopia</strong></span> <span class='ocrx_word' id='word_1_81' title='bbox 653 2103 786 2166; x_wconf 87' lang='lat' dir='ltr'><strong>pressus</strong></span> <span class='ocrx_word' id='word_1_82' title='bbox 820 2085 880 2159; x_wconf 88' lang='lat' dir='ltr'><strong>ibi,</strong></span> <span class='ocrx_word' id='word_1_83' title='bbox 899 2086 1127 2149; x_wconf 78' lang='lat' dir='ltr'><strong>l&#39;retre.eltero</strong></span> <span class='ocrx_word' id='word_1_84' title='bbox 1153 2083 1355 2164; x_wconf 82' lang='lat' dir='ltr'><strong>desuadente,</strong></span> 
     </span>
     <span class='ocr_line' id='line_1_13' title="bbox 265 2175 1357 2274; baseline -0.003 -19"><span class='ocrx_word' id='word_1_85' title='bbox 265 2195 408 2255; x_wconf 79' lang='lat' dir='ltr'><strong>oemelos</strong></span> <span class='ocrx_word' id='word_1_86' title='bbox 428 2213 505 2256; x_wconf 88' lang='lat' dir='ltr'><strong>suos</strong></span> <span class='ocrx_word' id='word_1_87' title='bbox 520 2195 675 2274; x_wconf 79' lang='lat' dir='ltr'><strong>poscebat</strong></span> <span class='ocrx_word' id='word_1_88' title='bbox 696 2201 728 2254; x_wconf 88' lang='lat' dir='ltr'><strong>et</strong></span> <span class='ocrx_word' id='word_1_89' title='bbox 746 2193 906 2274; x_wconf 86' lang='lat' dir='ltr'><strong>serpentis</strong></span> <span class='ocrx_word' id='word_1_90' title='bbox 923 2175 1029 2256; x_wconf 83' lang='lat' dir='ltr'><strong>morsu</strong></span> <span class='ocrx_word' id='word_1_91' title='bbox 1044 2194 1228 2256; x_wconf 83' lang='lat' dir='ltr'><strong>neoebntur.</strong></span> <span class='ocrx_word' id='word_1_92' title='bbox 1250 2193 1357 2255; x_wconf 73' lang='lat' dir='ltr'><strong>Frater</strong></span> 
     </span>
     <span class='ocr_line' id='line_1_14' title="bbox 266 2285 1357 2383; baseline -0.001 -22"><span class='ocrx_word' id='word_1_93' title='bbox 266 2298 346 2361; x_wconf 80' lang='lat' dir='ltr'><strong>elter</strong></span> <span class='ocrx_word' id='word_1_94' title='bbox 377 2301 485 2361; x_wconf 84' lang='lat' dir='ltr'><strong>l&#39;retris</strong></span> <span class='ocrx_word' id='word_1_95' title='bbox 514 2318 626 2360; x_wconf 86' lang='lat' dir='ltr'><strong>necem</strong></span> <span class='ocrx_word' id='word_1_96' title='bbox 663 2285 789 2361; x_wconf 86' lang='lat' dir='ltr'><strong>ulturus</strong></span> <span class='ocrx_word' id='word_1_97' title='bbox 821 2301 939 2363; x_wconf 78' lang='lat' dir='ltr'><strong>vellem</strong></span> <span class='ocrx_word' id='word_1_98' title='bbox 965 2301 1095 2364; x_wconf 78' lang='lat' dir='ltr'><strong>introvit</strong></span> <span class='ocrx_word' id='word_1_99' title='bbox 1124 2309 1157 2362; x_wconf 87' lang='lat' dir='ltr'><strong>et</strong></span> <span class='ocrx_word' id='word_1_100' title='bbox 1184 2315 1357 2383; x_wconf 77' lang='lat' dir='ltr'><strong>serpentem</strong></span> 
     </span>
     <span class='ocr_line' id='line_1_15' title="bbox 267 2405 1358 2492; baseline -0.002 -24"><span class='ocrx_word' id='word_1_101' title='bbox 267 2406 437 2487; x_wconf 75' lang='lat' dir='ltr'><strong>quaesivit</strong></span> <span class='ocrx_word' id='word_1_102' title='bbox 479 2406 576 2467; x_wconf 89' lang='lat' dir='ltr'><strong>lluno</strong></span> <span class='ocrx_word' id='word_1_103' title='bbox 597 2424 729 2486; x_wconf 86' lang='lat' dir='ltr'><strong>serpens</strong></span> <span class='ocrx_word' id='word_1_104' title='bbox 749 2407 798 2470; x_wconf 88' lang='lat' dir='ltr'><strong>sio</strong></span> <span class='ocrx_word' id='word_1_105' title='bbox 818 2407 976 2470; x_wconf 85' lang='lat' dir='ltr'><strong>olloontus</strong></span> <span class='ocrx_word' id='word_1_106' title='bbox 1000 2425 1077 2470; x_wconf 88' lang='lat' dir='ltr'><strong>esse</strong></span> <span class='ocrx_word' id='word_1_107' title='bbox 1097 2405 1228 2470; x_wconf 84' lang='lat' dir='ltr'><strong>dieitur:</strong></span> <span class='ocrx_word' id='word_1_108' title='bbox 1249 2409 1358 2492; x_wconf 85' lang='lat' dir='ltr'><strong>Nome</strong></span> 
     </span>
     <span class='ocr_line' id='line_1_16' title="bbox 267 2513 1358 2598; baseline 0.002 -24"><span class='ocrx_word' id='word_1_109' title='bbox 267 2513 372 2598; x_wconf 89' lang='lat' dir='ltr'><strong>vides,</strong></span> <span class='ocrx_word' id='word_1_110' title='bbox 401 2533 453 2576; x_wconf 87' lang='lat' dir='ltr'><strong>me</strong></span> <span class='ocrx_word' id='word_1_111' title='bbox 473 2514 605 2578; x_wconf 82' lang='lat' dir='ltr'><strong>lrntrem</strong></span> <span class='ocrx_word' id='word_1_112' title='bbox 629 2523 720 2578; x_wconf 87' lang='lat' dir='ltr'><strong>tuum</strong></span> <span class='ocrx_word' id='word_1_113' title='bbox 753 2516 929 2596; x_wconf 80' lang='lat' dir='ltr'><strong>occidiss03</strong></span> <span class='ocrx_word' id='word_1_114' title='bbox 960 2515 1020 2578; x_wconf 88' lang='lat' dir='ltr'><strong>sed</strong></span> <span class='ocrx_word' id='word_1_115' title='bbox 1041 2516 1070 2578; x_wconf 86' lang='lat' dir='ltr'><strong>si</strong></span> <span class='ocrx_word' id='word_1_116' title='bbox 1098 2534 1213 2598; x_wconf 78' lang='lat' dir='ltr'><strong>paoem</strong></span> <span class='ocrx_word' id='word_1_117' title='bbox 1239 2535 1358 2580; x_wconf 85' lang='lat' dir='ltr'><strong>mennrn</strong></span> 
     </span>
     <span class='ocr_line' id='line_1_17' title="bbox 267 2622 1360 2706; baseline -0.002 -21"><span class='ocrx_word' id='word_1_118' title='bbox 267 2623 377 2685; x_wconf 77' lang='lat' dir='ltr'><strong>faeere</strong></span> <span class='ocrx_word' id='word_1_119' title='bbox 412 2623 482 2706; x_wconf 87' lang='lat' dir='ltr'><strong>vis,</strong></span> <span class='ocrx_word' id='word_1_120' title='bbox 512 2623 571 2688; x_wconf 87' lang='lat' dir='ltr'><strong>tibi</strong></span> <span class='ocrx_word' id='word_1_121' title='bbox 594 2622 688 2686; x_wconf 91' lang='lat' dir='ltr'><strong>huius</strong></span> <span class='ocrx_word' id='word_1_122' title='bbox 719 2622 813 2686; x_wconf 85' lang='lat' dir='ltr'><strong>vellis</strong></span> <span class='ocrx_word' id='word_1_123' title='bbox 841 2642 936 2686; x_wconf 86' lang='lat' dir='ltr'><strong>usum</strong></span> <span class='ocrx_word' id='word_1_124' title='bbox 968 2624 1142 2688; x_wconf 82' lang='lat' dir='ltr'><strong>oenoedem</strong></span> <span class='ocrx_word' id='word_1_125' title='bbox 1171 2633 1205 2688; x_wconf 90' lang='lat' dir='ltr'><strong>et</strong></span> <span class='ocrx_word' id='word_1_126' title='bbox 1228 2623 1360 2706; x_wconf 85' lang='lat' dir='ltr'><strong>quotidie</strong></span> 
     </span>
     <span class='ocr_line' id='line_1_18' title="bbox 205 2721 1361 2820; baseline -0.003 -28"><span class='ocrx_word' id='word_1_127' title='bbox 205 2807 211 2820; x_wconf 28' lang='grc' dir='ltr'>ι</span> <span class='ocrx_word' id='word_1_128' title='bbox 268 2749 428 2794; x_wconf 87' lang='lat' dir='ltr'><strong>nummum</strong></span> <span class='ocrx_word' id='word_1_129' title='bbox 473 2751 603 2794; x_wconf 78' lang='lat' dir='ltr'><strong>aureum</strong></span> <span class='ocrx_word' id='word_1_130' title='bbox 646 2728 753 2793; x_wconf 85' lang='lat' dir='ltr'><strong>dubo.¹</strong></span> <span class='ocrx_word' id='word_1_131' title='bbox 808 2730 898 2793; x_wconf 77' lang='lat' dir='ltr'><strong>Pete</strong></span> <span class='ocrx_word' id='word_1_132' title='bbox 920 2721 1118 2812; x_wconf 74' lang='lat' dir='ltr'><strong>&#39;composite</strong></span> <span class='ocrx_word' id='word_1_133' title='bbox 1162 2733 1224 2792; x_wconf 84' lang='lat' dir='ltr'><strong>viri</strong></span> <span class='ocrx_word' id='word_1_134' title='bbox 1263 2737 1361 2792; x_wconf 81' lang='lat' dir='ltr'><strong>stetns</strong></span> 
     </span>
     <span class='ocr_line' id='line_1_19' title="bbox 269 2837 1361 2903; baseline -0.002 -1"><span class='ocrx_word' id='word_1_135' title='bbox 269 2840 300 2902; x_wconf 91' lang='lat' dir='ltr'><strong>in</strong></span> <span class='ocrx_word' id='word_1_136' title='bbox 335 2841 497 2903; x_wconf 86' lang='lat' dir='ltr'><strong>meliorem</strong></span> <span class='ocrx_word' id='word_1_137' title='bbox 526 2847 643 2901; x_wconf 87' lang='lat' dir='ltr'><strong>stetum</strong></span> <span class='ocrx_word' id='word_1_138' title='bbox 673 2839 862 2900; x_wconf 73' lang='lat' dir='ltr'><strong>mutabatur.</strong></span> <span class='ocrx_word' id='word_1_139' title='bbox 905 2839 1047 2901; x_wconf 75' lang='lat' dir='ltr'><strong>&#39;l&#39;endem</strong></span> <span class='ocrx_word' id='word_1_140' title='bbox 1074 2848 1181 2902; x_wconf 84' lang='lat' dir='ltr'><strong>nutem</strong></span> <span class='ocrx_word' id='word_1_141' title='bbox 1203 2839 1243 2900; x_wconf 91' lang='lat' dir='ltr'><strong>de</strong></span> <span class='ocrx_word' id='word_1_142' title='bbox 1264 2837 1361 2901; x_wconf 81' lang='lat' dir='ltr'><strong>iretris</strong></span> 
     </span>
     <span class='ocr_line' id='line_1_20' title="bbox 269 2946 1363 3028; baseline 0 -22"><span class='ocrx_word' id='word_1_143' title='bbox 269 2953 372 3007; x_wconf 87' lang='lat' dir='ltr'><strong>nrorte</strong></span> <span class='ocrx_word' id='word_1_144' title='bbox 406 2947 553 3028; x_wconf 82' lang='lat' dir='ltr'><strong>cogitans</strong></span> <span class='ocrx_word' id='word_1_145' title='bbox 574 2955 755 3026; x_wconf 87' lang='lat' dir='ltr'><strong>serpentem</strong></span> <span class='ocrx_word' id='word_1_146' title='bbox 777 2946 925 3008; x_wconf 87' lang='lat' dir='ltr'><strong>oooidere</strong></span> <span class='ocrx_word' id='word_1_147' title='bbox 944 2949 1067 3028; x_wconf 76' lang='lat' dir='ltr'><strong>statuit,</strong></span> <span class='ocrx_word' id='word_1_148' title='bbox 1098 2956 1131 3009; x_wconf 90' lang='lat' dir='ltr'><strong>et</strong></span> <span class='ocrx_word' id='word_1_149' title='bbox 1151 2957 1273 3010; x_wconf 86' lang='lat' dir='ltr'><strong>utrem</strong></span> <span class='ocrx_word' id='word_1_150' title='bbox 1293 2965 1363 3028; x_wconf 84' lang='lat' dir='ltr'><strong>per·</strong></span> 
     </span>
     <span class='ocr_line' id='line_1_21' title="bbox 271 3050 1362 3135; baseline 0.001 -23"><span class='ocrx_word' id='word_1_151' title='bbox 271 3050 412 3131; x_wconf 86' lang='lat' dir='ltr'><strong>liceret,·</strong></span> <span class='ocrx_word' id='word_1_152' title='bbox 439 3052 576 3114; x_wconf 84' lang='lat' dir='ltr'><strong>securim</strong></span> <span class='ocrx_word' id='word_1_153' title='bbox 618 3053 755 3116; x_wconf 86' lang='lat' dir='ltr'><strong>oxeouit.</strong></span> <span class='ocrx_word' id='word_1_154' title='bbox 797 3052 866 3118; x_wconf 74' lang='lat' dir='ltr'><strong>Sed</strong></span> <span class='ocrx_word' id='word_1_155' title='bbox 899 3053 931 3115; x_wconf 95' lang='lat' dir='ltr'><strong>in</strong></span> <span class='ocrx_word' id='word_1_156' title='bbox 970 3052 1175 3135; x_wconf 85' lang='lat' dir='ltr'><strong>perentiendo</strong></span> <span class='ocrx_word' id='word_1_157' title='bbox 1218 3055 1362 3118; x_wconf 74' lang='lat' dir='ltr'><strong>aberrent</strong></span> 
     </span>
     <span class='ocr_line' id='line_1_22' title="bbox 271 3156 1364 3244; baseline 0.003 -26"><span class='ocrx_word' id='word_1_158' title='bbox 271 3165 305 3219; x_wconf 89' lang='lat' dir='ltr'><strong>et</strong></span> <span class='ocrx_word' id='word_1_159' title='bbox 323 3165 446 3237; x_wconf 82' lang='lat' dir='ltr'><strong>petrem</strong></span> <span class='ocrx_word' id='word_1_160' title='bbox 469 3156 598 3242; x_wconf 81' lang='lat' dir='ltr'><strong>feriens,</strong></span> <span class='ocrx_word' id='word_1_161' title='bbox 624 3168 659 3220; x_wconf 91' lang='lat' dir='ltr'><strong>ut</strong></span> <span class='ocrx_word' id='word_1_162' title='bbox 679 3160 853 3242; x_wconf 81' lang='lat' dir='ltr'><strong>vestigium</strong></span> <span class='ocrx_word' id='word_1_163' title='bbox 878 3169 1069 3244; x_wconf 71' lang='lat' dir='ltr'><strong>remuneret,</strong></span> <span class='ocrx_word' id='word_1_164' title='bbox 1092 3177 1228 3244; x_wconf 86' lang='lat' dir='ltr'><strong>serpens</strong></span> <span class='ocrx_word' id='word_1_165' title='bbox 1248 3160 1364 3224; x_wconf 85' lang='lat' dir='ltr'><strong>ineolu-</strong></span> 
     </span>
    </p>

    <p class='ocr_par' dir='ltr' id='par_1_6' title="bbox 239 3261 1365 3562">
     <span class='ocr_line' id='line_1_23' title="bbox 273 3261 1365 3352; baseline 0.004 -28"><span class='ocrx_word' id='word_1_166' title='bbox 273 3261 334 3324; x_wconf 85' lang='lat' dir='ltr'><strong>mis</strong></span> <span class='ocrx_word' id='word_1_167' title='bbox 367 3263 398 3323; x_wconf 91' lang='lat' dir='ltr'><strong>in</strong></span> <span class='ocrx_word' id='word_1_168' title='bbox 433 3264 593 3327; x_wconf 73' lang='lat' dir='ltr'><strong>latibulum</strong></span> <span class='ocrx_word' id='word_1_169' title='bbox 625 3265 846 3348; x_wconf 82' lang='lat' dir='ltr'><strong>introgressos</strong></span> <span class='ocrx_word' id='word_1_170' title='bbox 866 3273 927 3330; x_wconf 88' lang='lat' dir='ltr'><strong>est.</strong></span> <span class='ocrx_word' id='word_1_171' title='bbox 969 3268 1052 3329; x_wconf 75' lang='lat' dir='ltr'><strong>&#39;l&#39;urn</strong></span> <span class='ocrx_word' id='word_1_172' title='bbox 1080 3268 1149 3352; x_wconf 86' lang='lat' dir='ltr'><strong>vir,</strong></span> <span class='ocrx_word' id='word_1_173' title='bbox 1179 3287 1273 3350; x_wconf 85' lang='lat' dir='ltr'><strong>quem</strong></span> <span class='ocrx_word' id='word_1_174' title='bbox 1293 3265 1365 3330; x_wconf 81' lang='lat' dir='ltr'><strong>leoti</strong></span> 
     </span>
     <span class='ocr_line' id='line_1_24' title="bbox 239 3355 1365 3462; baseline 0.005 -34"><span class='ocrx_word' id='word_1_175' title='bbox 239 3355 245 3364; x_wconf 49' lang='lat'><strong>¹</strong></span> <span class='ocrx_word' id='word_1_176' title='bbox 272 3370 458 3454; x_wconf 83' lang='lat' dir='ltr'><strong>poeniteret,</strong></span> <span class='ocrx_word' id='word_1_177' title='bbox 486 3371 600 3434; x_wconf 78' lang='lat' dir='ltr'><strong>foedus</strong></span> <span class='ocrx_word' id='word_1_178' title='bbox 621 3380 658 3433; x_wconf 89' lang='lat' dir='ltr'><strong>ut</strong></span> <span class='ocrx_word' id='word_1_179' title='bbox 680 3371 922 3458; x_wconf 70' lang='lat' dir='ltr'><strong>redintegraret,</strong></span> <span class='ocrx_word' id='word_1_180' title='bbox 945 3384 1127 3456; x_wconf 86' lang='lat' dir='ltr'><strong>serpentem</strong></span> <span class='ocrx_word' id='word_1_181' title='bbox 1149 3379 1288 3462; x_wconf 72' lang='lat' dir='ltr'><strong>rogavit</strong></span> <span class='ocrx_word' id='word_1_182' title='bbox 1324 3375 1365 3436; x_wconf 77' lang='lat' dir='ltr'><strong>At</strong></span> 
     </span>
     <span class='ocr_line' id='line_1_25' title="bbox 274 3477 1365 3562; baseline 0.005 -24"><span class='ocrx_word' id='word_1_183' title='bbox 274 3477 325 3538; x_wconf 89' lang='lat' dir='ltr'><strong>ille</strong></span> <span class='ocrx_word' id='word_1_184' title='bbox 352 3477 478 3553; x_wconf 85' lang='lat' dir='ltr'><strong>verbis,</strong></span> <span class='ocrx_word' id='word_1_185' title='bbox 501 3497 585 3558; x_wconf 72' lang='lat' dir='ltr'><strong>quae</strong></span> <span class='ocrx_word' id='word_1_186' title='bbox 610 3479 642 3541; x_wconf 92' lang='lat' dir='ltr'><strong>in</strong></span> <span class='ocrx_word' id='word_1_187' title='bbox 669 3481 830 3562; x_wconf 85' lang='lat' dir='ltr'><strong>proverbii</strong></span> <span class='ocrx_word' id='word_1_188' title='bbox 858 3481 1117 3546; x_wconf 77' lang='lat' dir='ltr'><strong>consuetudinem</strong></span> <span class='ocrx_word' id='word_1_189' title='bbox 1139 3491 1295 3548; x_wconf 86' lang='lat' dir='ltr'><strong>venerunt</strong></span> <span class='ocrx_word' id='word_1_190' title='bbox 1313 3501 1365 3543; x_wconf 85' lang='lat' dir='ltr'><strong>re-</strong></span> 
     </span>
    </p>
   </div>
   <div class='ocr_carea' id='block_1_6' title="bbox 274 3583 1367 3774">
    <p class='ocr_par' dir='ltr' id='par_1_7' title="bbox 274 3583 1367 3774">
     <span class='ocr_line' id='line_1_26' title="bbox 274 3583 1367 3669; baseline 0.005 -23"><span class='ocrx_word' id='word_1_191' title='bbox 274 3583 410 3666; x_wconf 84' lang='lat' dir='ltr'><strong>spondit.</strong></span> <span class='ocrx_word' id='word_1_192' title='bbox 434 3584 657 3668; x_wconf 81' lang='lat' dir='ltr'><strong>Nobegbnhus</strong></span> <span class='ocrx_word' id='word_1_193' title='bbox 677 3587 867 3669; x_wconf 84' lang='lat' dir='ltr'><strong>llsobjenite</strong></span> <span class='ocrx_word' id='word_1_194' title='bbox 886 3589 979 3654; x_wconf 80' lang='lat' dir='ltr'><strong>istem</strong></span> <span class='ocrx_word' id='word_1_195' title='bbox 998 3608 1066 3653; x_wconf 88' lang='lat' dir='ltr'><strong>rem</strong></span> <span class='ocrx_word' id='word_1_196' title='bbox 1078 3591 1229 3656; x_wconf 82' lang='lat' dir='ltr'><strong>versibus</strong></span> <span class='ocrx_word' id='word_1_197' title='bbox 1250 3589 1367 3654; x_wconf 83' lang='lat' dir='ltr'><strong>deseri-</strong></span> 
     </span>
     <span class='ocr_line' id='line_1_27' title="bbox 274 3691 760 3774; baseline 0.008 -22"><span class='ocrx_word' id='word_1_198' title='bbox 274 3691 340 3774; x_wconf 91' lang='lat' dir='ltr'><strong>psit</strong></span> <span class='ocrx_word' id='word_1_199' title='bbox 360 3691 589 3772; x_wconf 82' lang='lat' dir='ltr'><strong>sequentibus:</strong></span> <span class='ocrx_word' id='word_1_200' title='bbox 753 3693 760 3706; x_wconf 86' lang='lat'>‘</span> 
     </span>
    </p>
   </div>
   <div class='ocr_carea' id='block_1_7' title="bbox 172 3845 1367 4008">
    <p class='ocr_par' dir='ltr' id='par_1_8' title="bbox 172 3841 1369 4008">
     <span class='ocr_line' id='line_1_28' title="bbox 172 3845 1367 4008; baseline 0.02 -26"><span class='ocrx_word' id='word_1_201' title='bbox 172 3925 177 3935; x_wconf 72' lang='lat'><strong>,</strong></span> <span class='ocrx_word' id='word_1_202' title='bbox 276 3845 659 3989; x_wconf 51' lang='lat' dir='ltr'><strong>me</strong></span> <span class='ocrx_word' id='word_1_203' title='bbox 673 3849 1367 4008; x_wconf 45' lang='lat' dir='ltr'><strong>menneo</strong></span> 
     </span>
    </p>
   </div>
   <div class='ocr_carea' id='block_1_8' title="bbox 298 4224 1100 4313">
    <p class='ocr_par' dir='ltr' id='par_1_9' title="bbox 298 4224 1100 4313">
     <span class='ocr_line' id='line_1_29' title="bbox 298 4224 1100 4313; baseline 0.016 -42"><span class='ocrx_word' id='word_1_204' title='bbox 298 4224 327 4282; x_wconf 79' lang='lat'><strong>1)</strong></span> <span class='ocrx_word' id='word_1_205' title='bbox 344 4228 449 4280; x_wconf 68' lang='lat' dir='ltr'><strong>Arabes</strong></span> <span class='ocrx_word' id='word_1_206' title='bbox 465 4231 621 4298; x_wconf 80' lang='lat' dir='ltr'><strong>credebant,</strong></span> <span class='ocrx_word' id='word_1_207' title='bbox 638 4235 780 4313; x_wconf 65' lang='lat' dir='ltr'><strong>serpentes</strong></span> <span class='ocrx_word' id='word_1_208' title='bbox 796 4234 939 4286; x_wconf 65' lang='lat' dir='ltr'><strong>umores</strong></span> <span class='ocrx_word' id='word_1_209' title='bbox 955 4234 1100 4287; x_wconf 71' lang='lat' dir='ltr'><strong>munstre.</strong></span> 
     </span>
    </p>
   </div>
   <div class='ocr_carea' id='block_1_9' title="bbox 0 0 1457 5024">
    <p class='ocr_par' dir='ltr' id='par_1_10' title="bbox 0 0 1457 5024">
     <span class='ocr_line' id='line_1_30' title="bbox 0 0 1457 5024; baseline 0 0"><span class='ocrx_word' id='word_1_210' title='bbox 0 0 1457 5024; x_wconf 95' lang='lat' dir='ltr'><strong> </strong></span> 
     </span>
    </p>
   </div>
  </div>
 </body>
</html>
