2890 5028
649 255 881 320 ..m-

216 440 299 511 3⁰6.
355 439 499 541 dquam
535 453 638 510 tuam
675 460 751 510 nou
779 438 1008 512 conservasti
1035 452 1073 509 et
1098 431 1321 538 pudendum

350 578 459 636 tuum
484 587 562 636 non
586 557 786 634 mundasti.

299 712 435 795 Legitur
463 731 588 796 quaqua
618 711 690 776 locu
717 712 811 775 vocis
831 711 913 780 affl
943 731 1011 774 vox
1030 710 1124 808 ⁸⁶?
1157 714 1212 774 val
1232 710 1320 816 amp

218 829 352 896 „sordes
379 841 472 896 tunsa
493 835 609 912 (sicin
641 833 900 898 Samacbscbarli
928 834 1066 908 codice).
1100 833 1245 898 Narrant
1267 835 1322 894 vl-

217 959 284 1004 rum
308 958 381 1004 cum
405 959 505 1003 uxcrc
525 940 657 1004 suaiter
679 941 861 1024 facientem,
883 959 978 1022 quum
1000 960 1098 1023 uxor,
1122 960 1207 1023 quaa
1225 959 1324 1002 mcu-

216 1045 316 1110 struls
339 1046 513 1129 laboraret,
534 1065 668 1129 paucam
690 1065 826 1130 aquam,
848 1065 941 1128 quam
961 1065 1072 1111 secum
1094 1047 1239 1132 haberat,
1262 1047 1327 1110 ad-

216 1152 372 1215 hibuisset
399 1152 440 1215 ad
469 1171 508 1215 aa
534 1153 724 1234 lavandam,
757 1171 842 1234 aqua
871 1153 924 1214 isti
951 1155 996 1214 rai
1030 1175 1092 1217 uon
1125 1153 1324 1238 sufficiente,

217 1259 374 1341 proverbii
394 1259 495 1322 verba
516 1259 649 1322 dixisse.
692 1257 978 1322 Almuladhdhalus
1000 1267 1106 1322 autam
1128 1259 1218 1340 dixit,
1244 1279 1324 1341 pro-

215 1367 317 1429 verbii
350 1376 514 1429 auctorem
550 1365 753 1429 Aldbabbum
773 1367 972 1428 bau-Arwa
996 1365 1198 1428 Alcitaihtam
1235 1383 1324 1428 csse.

217 1474 281 1535 Hic
307 1481 519 1537 mercaturam
546 1473 692 1536 lauturus
721 1479 917 1553 cumgente
946 1487 1073 1534 auacx
1100 1479 1187 1533 tarra
1208 1471 1325 1534 lanian

217 1581 348 1642 cxiarat
383 1582 447 1642 Par
467 1581 587 1661 aliquot
608 1578 678 1640 dics
700 1588 868 1660 postquam
890 1593 962 1638 cum
984 1577 1081 1638 suciis
1103 1578 1161 1638 iter
1183 1579 1324 1660 lecerat,

86 1727 95 1734 -
218 1705 276 1751 cos
310 1687 435 1770 reliquit
467 1698 501 1749 et
532 1687 563 1749 iu
600 1685 728 1750 daaortc
762 1685 793 1746 in
829 1692 961 1766 gautam
1002 1683 1170 1748 Hamadau
1202 1683 1323 1770 incidit.

216 1795 328 1856 luvcnl
349 1795 391 1856 illi
412 1793 544 1875 pulchro
566 1793 725 1874 adspectu
741 1800 774 1854 et
795 1791 934 1875 alaganti
955 1791 1108 1854 Abmram
1130 1792 1229 1856 llliam
1254 1795 1322 1858 So-

217 1903 279 1966 baii
308 1921 401 1984 quam
422 1901 568 1984 amabat,
590 1902 621 1963 in
641 1901 871 1964 matrimonium
894 1901 1015 1980 patenti
1034 1901 1168 1980 primum
1190 1899 1321 1982 quidam

217 2007 294 2074 dara
308 2009 511 2091 recusabant,
527 2006 611 2090 quod
626 2027 729 2090 nequa
741 2014 837 2088 poeta
855 2025 960 2088 ucquc
976 2005 1117 2070 hariolus
1129 2025 1233 2088 usquc
1249 2008 1325 2069 lon-

217 2115 296 2178 tium
311 2133 431 2198 gnarus
452 2123 553 2200 asset,
569 2115 695 2208 taadqm
719 2115 868 2196 precibus
888 2114 996 2176 multis
1012 2115 1163 2176 commoti
1178 2131 1324 2177 consau-

216 2231 336 2286 sarunt
353 2223 472 2305 Aliquo
484 2231 628 2308 tempora
638 2231 712 2304 post
722 2241 805 2307 gaus
817 2221 974 2304 quaedam
985 2222 1126 2286 Arabum
1144 2219 1176 2283 in
1194 2221 1258 2284 bos
1274 2224 1324 2284 lu-

217 2331 398 2393 cursiuuam
427 2329 537 2392 lacera
577 2330 715 2392 volabat.
746 2330 820 2391 llac
851 2327 891 2390 da
917 2345 1017 2391 causa
1046 2345 1130 2410 gans
1153 2328 1323 2392 Hamadan

216 2435 398 2519 blathum,
413 2452 506 2518 quam
526 2435 604 2516 ipsis
617 2435 817 2498 infortunium
834 2432 1046 2496 adducturum
1069 2451 1146 2496 csse
1164 2441 1324 2518 putarant,

217 2561 290 2608 cum
304 2561 405 2606 uxore
421 2538 615 2623 dapuloruut.
637 2543 701 2604 Por
731 2543 813 2604 diam
838 2551 1030 2622 noctemque
1051 2543 1112 2604 iter
1130 2543 1325 2605 laciontaaa

218 2653 307 2715 louto
320 2669 382 2714 nou
393 2649 524 2712 multum
540 2649 781 2728 aberantUxor
794 2649 901 2731 igitur,
916 2667 1001 2730 quae
1010 2651 1185 2712 menstruis
1197 2650 1325 2712 labora-

218 2769 278 2840 rat,
292 2758 457 2840 caelantia
469 2759 625 2839 aquamiu
637 2756 774 2821 lavando
788 2755 940 2841 adhibuit,
957 2756 1019 2819 sed
1035 2757 1086 2819 isti
1106 2757 1152 2819 rai
1167 2776 1253 2839 aqua
1265 2777 1325 2820 nou

216 2865 357 2928 suffecit.
375 2864 426 2926 Ad
449 2865 569 2928 lautam
590 2868 816 2948 pervenientes
844 2883 915 2926 atam
930 2865 989 2926 sub
1010 2874 1128 2927 terram
1143 2864 1323 2928 damonum

216 2977 418 3036 iurauerunt.
436 2973 577 3036 Maritus
593 2983 659 3036 tum
681 2973 834 3054 temporis
861 2972 922 3035 ista
938 2972 1098 3052 proverbii
1119 2973 1221 3037 verba
1235 2973 1324 3035 uxori

218 3077 299 3140 dixit
328 3086 362 3140 at
383 3077 413 3139 in
429 3077 550 3142 arboris
572 3083 681 3144 umbra
703 3080 874 3144 considens
900 3080 961 3143 boa
982 3081 1098 3142 cecinit
1118 3097 1256 3143 vorsus:

267 3185 744 3346 wasaliam
799 3201 1276 3352 commuta

267 3419 746 3592 &tutatus
796 3421 1278 3582 tatastat

269 3611 372 3769 atu
404 3657 509 3795 ,aa
533 3653 631 3780 aaz
654 3657 748 3796 „ag
799 3643 1276 3798 calamicca&

267 3879 390 4016 affl
412 3893 454 4038 a
474 3881 530 4007 ll
552 3869 635 4028 dl
661 3886 748 4012 llo·
798 3884 891 4012 apt
905 3875 953 4021 :t
980 3882 1068 4002 ab·
1098 3865 1278 4024 maz-3³

220 4101 309 4181 „Par
338 4100 460 4169 Deuml
482 4095 557 4171 Nou
579 4107 769 4175 adflixerunt
789 4109 1005 4176 adversitates
1034 4107 1193 4174 infortunii
1215 4107 1325 4170 uxoris

263 4222 362 4272 causa
396 4213 540 4276 maritum
571 4215 655 4278 sicut
684 4209 758 4278 mal
795 4217 962 4297 Quaenam
998 4224 1066 4280 erat
1098 4214 1232 4298 gravior
1267 4212 1324 4274 das
