2902 5036
94 562 164 632 50.
213 555 243 630 Ii
271 556 309 628 iu
335 579 376 628 re
402 569 500 644 suut,
526 557 633 642 cuius
657 554 779 628 infans
806 581 882 632 nou
900 573 1071 632 vocatur.

184 684 220 746 iu
254 681 532 748 Suberat-Aidiui
564 700 661 764 opere
702 701 804 747 voces
833 685 861 768 3
877 697 946 769 „c
966 685 1107 748 ommsae
1122 695 1206 749 sunt

79 804 195 868 ¹Dirrit
215 801 491 884 Abu-Ohbeidus‚
522 822 590 866 rem
619 822 695 867 csse
717 805 961 888 gravissimam,
995 814 1031 868 ut
1050 823 1114 867 uon
1134 823 1207 886 par-

92 910 182 993 vuli,
196 909 254 972 sed
266 927 362 972 senes
384 909 424 970 iu.
437 927 477 971 ea
490 917 654 972 vocentur.
675 910 765 974 Dixit
784 910 965 994 Aiierrius,
988 911 1079 973 hisce
1099 911 1209 974 verbis

93 1025 281 1080 extremum
313 1017 358 1078 rei
391 1023 456 1078 tem
490 1014 594 1076 bonae
626 1033 720 1098 quem
755 1017 861 1079 maiae
895 1015 1078 1100 significari.
1120 1016 1210 1079 Dixit

93 1133 227 1192 autem·
253 1124 410 1206 Ciiabita,
445 1122 605 1203 proverbii
649 1123 749 1187 verba
789 1125 932 1186 homines
968 1123 1139 1205 adhibere,
1175 1131 1210 1184 ut

93 1231 298 1314 significent,
321 1228 437 1292 multas
461 1247 537 1290 esse
559 1247 649 1309 opes,
670 1230 866 1311 multumque
889 1240 992 1294 terrae
1007 1239 1209 1313 proventum,

96 1347 141 1400 ut
160 1337 189 1398 si
208 1355 289 1417 puer
309 1354 376 1399 rom
398 1343 551 1416 capturus
572 1335 626 1415 sit,
647 1354 710 1398 nou
725 1345 903 1399 revocetur.
944 1338 1078 1401 Kamusi
1099 1343 1210 1399 auctor

98 1443 241 1525 deniquo
264 1441 353 1523 dixit,
377 1441 578 1522 proverbium
611 1440 652 1502 de
679 1461 714 1502 re
742 1441 903 1524 adhiberi,
926 1462 990 1526 qua
1014 1451 1081 1507 tam
1104 1461 1208 1506 occu-

98 1551 172 1632 pati
203 1551 284 1629 siut,
316 1557 351 1609 ut
376 1549 405 1610 si
434 1567 514 1630 puer
540 1566 667 1611 manum
698 1549 739 1611 ad
773 1549 963 1633 capiendum
991 1549 1208 1634 extendatis

100 1675 170 1719 non
193 1664 371 1718 revocetur.
416 1655 508 1717 Dixit
528 1654 651 1717 Ahbd-
659 1655 790 1718 Aikeis:

195 1802 1117 1968 ύιιιιιωιμιωὺηιμιιιιυι

106 1993 228 2091 „Apud
256 2006 351 2070 deum
384 2027 498 2090 queror
530 2008 571 2072 de
602 2008 797 2092 longitudine
826 2009 974 2076 tristitiae
995 2030 1088 2076 meae
1116 2011 1213 2076 etde

152 2116 398 2198 calamitatibus,
420 2134 552 2198 quarum
573 2117 678 2179 inians
696 2135 760 2180 nou
780 2127 946 2180 vocaturo.
984 2175 986 2180 .

196 2225 335 2287 Metrum
357 2223 468 2288 chaus
486 2232 546 2286 est.
572 2241 600 2287 c.
622 2241 654 2304 p.
678 2223 751 2286 262.

523 2328 590 2483 {fi
625 2357 722 2509 “ey
791 2407 823 2485 ei

109 2567 174 2638 51.
226 2557 344 2634 Cedat
369 2573 487 2631 muter
512 2559 611 2632 eius!

157 2685 275 2748 Verbis
297 2685 388 2746 hisco
409 2683 493 2745 maie
513 2683 697 2764 imprecatio
719 2683 846 2764 proprie
867 2683 975 2745 inesse
998 2679 1140 2760 videtur3
1162 2676 1222 2740 sed

110 2792 240 2856 nonnisi
259 2788 302 2853 ad
324 2787 451 2854 laudem
473 2798 506 2852 et
526 2787 765 2851 admirationem
795 2784 1039 2870 significandam
1061 2803 1101 2846 ee
1122 2779 1217 2848 adhi-

112 2900 243 2962 bentur.
264 2896 348 2959 cous.
370 2897 505 2957 Hamas.
528 2913 558 2974 p.
581 2894 646 2954 424
667 2902 700 2953 et
719 2891 837 2972 Djeuh.

114 3021 1113 3238 udumzpitrrgtugtpmie
1184 3098 1225 3177 u

119 3318 180 3386 52.
231 3225 329 3384 dium
357 3307 425 3380 tibi
442 3221 578 3378 :nutris
609 3316 695 3411 tuae
732 3303 930 3373 emaciatae
956 3297 1224 3396 (desiderium)

231 3431 305 3510 est?
330 3433 450 3505 Dixit:
479 3429 574 3502 Cum
605 3453 647 3500 eu
673 3427 732 3500 lac
755 3425 938 3499 mulctum
968 3437 1032 3498 est.

194 3565 341 3628 'Metram
363 3561 459 3627 Sarih
480 3570 542 3623 est.
563 3558 648 3621 coni.
672 3578 703 3640 p.
724 3557 788 3622 243
807 3576 856 3641 sq.
878 3557 1081 3622 Vocabulum
1104 3556 1224 3643 aubi,

120 3688 208 3774 quod
243 3690 310 3752 iao
340 3687 528 3748 mulctum
565 3681 669 3766 vorti,
699 3681 863 3766 siguificat
894 3701 912 3743 e
946 3689 1066 3764 prato
1101 3679 1229 3742 virum

120 3781 185 3860 iac
205 3793 402 3856 mulctum
427 3793 516 3854 suis
546 3787 698 3852 domum
727 3786 901 3847 mittero.
945 3786 1003 3848 Sic
1030 3795 1137 3849 eutem
1166 3801 1229 3845 ex-

119 3903 241 3988 plicata
266 3908 343 3964 sunt
373 3897 532 3982 proverbii
552 3895 668 3957 verba:
693 3894 764 3970 di>
798 3891 923 3975 μω
950 3893 978 3976 3
1003 3889 1075 3996 &b
1099 3888 1153 3958 μς]
1179 3896 1230 3972 pe

120 4037 174 4120 ιρι
200 4027 270 4115 [ρ
295 4027 387 4116 με
414 4023 475 4111 ῳ
501 4017 590 4120 &aba
615 4013 637 4082 t
665 4019 714 4105 „i
742 4018 819 4113 [ψ
841 4015 947 4078 ”Num
969 4010 1241 4113 tibidesiderium¹

121 4151 237 4214 matris
259 4157 335 4211 tuoe
362 4142 583 4227 pauperrimae
614 4145 675 4200 eat.
707 4137 727 4198 i.
748 4157 777 4202 a.
811 4135 1004 4204 desiderium
1035 4133 1125 4213 eius,
1157 4130 1231 4193 dum

125 4256 171 4318 uit
204 4251 371 4334 possidet,
396 4259 429 4312 te
457 4267 499 4310 ue
522 4251 640 4308 teneat
683 4244 729 4305 At
749 4243 832 4306 alter
854 4239 1050 4323 respondet.
1073 4240 1232 4330 [μμι
1191 4281 1222 4338 υ

1013 4421 1082 4494 55·
