2890 5028
543 309 773 372 ..501-

181 494 471 558 Aimoi'adhdirelus
493 493 584 579 diruit,
600 493 759 574 proverbii
780 493 888 574 huius,
910 493 995 574 quod
1016 493 1057 560 de
1080 512 1120 556 eo
1142 494 1203 558 ad·

91 603 266 683 hibeatur,
297 603 391 663 cuius
421 618 474 661 res
502 598 724 662 detrimentum
754 600 859 680 capiat
885 608 917 662 et
945 601 1088 681 potentia
1109 601 1203 682 dirui·¹
1305 579 1309 596 ’

92 717 228 793 nuatur,
249 720 414 769 auctorem
429 705 698 786 Abu-Soijanum
729 705 903 768 ben-Ham
922 707 1037 789 fuisse,
1060 709 1112 788 qui
1134 725 1205 770 cum

90 817 155 878 iter
183 815 369 878 facientium
390 813 519 894 agmine
547 813 653 894 gentis
688 812 846 874 Koraisch
874 832 916 874 ex
945 816 1043 896 Syria
1069 812 1205 890 redierit,

90 921 345 984 Mohammedes
375 921 457 980 enim
486 919 607 980 reditus
629 927 754 998 tempus
777 931 972 1000 exspectans
994 939 1071 983 suos
1094 930 1204 984 contra

91 1028 175 1090 iilud
198 1046 316 1111 agmen
338 1024 510 1107 eduxerat,
532 1033 565 1086 et
586 1034 697 1087 contra
725 1026 976 1106 Abu-Soijouus
998 1028 1202 1092 Mohamrne-

91 1135 144 1196 dis
179 1151 347 1196 occursum
378 1135 492 1194 timens
525 1132 762 1214 Koraisohitis,
793 1145 826 1194 ut
847 1135 908 1214 ipsi
938 1135 1065 1197 obviam
1087 1137 1204 1200 auxilio

91 1244 254 1324 venirent,
278 1243 501 1322 imperaverat.
522 1239 777 1319 Abu-Soijauus
788 1259 883 1320 quum
894 1241 936 1304 ad
955 1242 1118 1308 Mediuam
1140 1244 1201 1308 ad-

88 1350 335 1431 propinquaret,
373 1349 469 1409 multo
514 1348 627 1409 timore
663 1347 811 1408 adiectus
844 1348 1085 1429 Almodjdijjum
1119 1353 1201 1414 ben·

87 1457 219 1518 Ahmru
242 1457 472 1537 interrogavit,
495 1474 569 1515 uum
599 1455 759 1515 sociorum
780 1455 1015 1518 Mohammcdis
1042 1457 1199 1538 quendam

87 1564 397 1645 appropinquantem
431 1561 564 1624 videret.
615 1561 670 1623 llic
707 1563 888 1645 respondit,
918 1583 954 1625 se
983 1584 1045 1626 uon
1077 1565 1201 1628 vidisse

86 1673 151 1732 nisi
173 1671 255 1732 duos
281 1672 371 1732 viros
399 1671 530 1732 camelis
559 1671 736 1752 vehentes,
761 1672 812 1752 qui
832 1673 874 1734 ad
902 1671 982 1752 duos
1003 1673 1122 1757 fontes,
1145 1675 1199 1756 qui

86 1783 119 1841 in
135 1776 374 1841 Mohammedis
390 1777 507 1838 ditione
521 1788 641 1859 esseut,
655 1778 741 1840 Ahdi
755 1787 787 1839 et
801 1780 926 1860 Basbas
941 1781 1118 1861 appellatos
1134 1801 1197 1843 ve-

88 1887 228 1948 nissent.
244 1883 544 1964 Abu-Soijanusad
561 1885 631 1946 ilios
647 1884 895 1950 sontesveniens
907 1907 926 1948 o
937 1889 1072 1951 contrito
1088 1906 1193 1950 came·

88 1994 193 2054 iorum
213 2000 365 2068 stercore,
384 1991 469 2072 quod
485 1991 683 2072 dactylorum
701 1994 834 2054 nucleos
854 1995 1049 2077 contineret,
1072 2014 1197 2079 eogno-

87 2101 160 2179 vit,
192 2099 262 2159 idios
283 2097 371 2158 viros
398 2097 607 2159 Medineuses
629 2116 704 2158 esse
727 2107 760 2159 et
777 2099 846 2178 ‚ista
868 2119 903 2160 ro
925 2103 1063 2164 monitus
1084 2120 1104 2164 a
1125 2105 1197 2166 ioco

88 2204 177 2267 Bedr
208 2204 365 2286 appellato
394 2205 453 2265 iter
491 2203 532 2266 ad
564 2203 728 2266 dexterum
765 2205 850 2267 latus
879 2206 1010 2269 deflexit
1038 2217 1071 2272 et
1098 2210 1198 2274 litoris

89 2321 229 2376 tractum
256 2313 423 2394 ingressus
452 2320 512 2374 est.
557 2311 658 2374 Simul
687 2311 900 2376 Koraischitis
935 2316 997 2378 ianr
1029 2337 1048 2378 e
1078 2319 1197 2382 Mecca

90 2421 237 2502 egressis
259 2420 400 2481 nuntium
416 2420 510 2498 misit,
534 2427 569 2480 ut
590 2418 737 2481 redirent.
760 2421 802 2482 Hi
825 2431 932 2484 autem
948 2435 1085 2507 excepta
1100 2436 1199 2509 gente

88 2526 349 2608 Banu-Schrah,
378 2545 459 2606 quae
489 2544 508 2586 a
535 2526 606 2588 loco
628 2525 793 2606 'l'sanijjah
820 2527 957 2611 Adjdjsa
978 2531 1019 2594 ad
1040 2534 1114 2595 litus
1136 2533 1197 2595 do·

89 2633 227 2696 flectens
264 2651 335 2694 cum
372 2631 620 2712 Abu-Soijano
657 2637 882 2717 conveniebat,
912 2637 1013 2698 redire
1052 2641 1197 2702 nolentes

88 2739 175 2821 apud
204 2739 308 2800 locum
346 2737 431 2800 Bedr
468 2757 489 2800 a
508 2739 784 2814 Mahammedanis
805 2759 921 2822 magno
959 2742 1050 2804 elada
1077 2744 1196 2808 adflicti

88 2856 173 2910 sunt
217 2844 468 2924 Abu-Sotianus
498 2856 626 2928 gentem
649 2848 767 2911 Scirah
799 2849 958 2930 proverbii
983 2851 1091 2913 verbis
1112 2853 1195 2917 ulio-

89 2961 185 3015 cutus
208 2960 276 3032 ost,
301 2969 384 3031 quae
413 2950 454 3012 de
475 2972 514 3015 eo
536 2952 706 3037 adhibent,
734 2955 874 3037 quirem
903 2974 995 3018 suam
1018 2956 1125 3022 deiioit
1160 2972 1192 3026 et

88 3057 276 3142 dignitatem
297 3075 389 3121 suam
412 3057 572 3121 deminuit.

191 3203 304 3390 qu
340 3165 403 3332 ,it
431 3181 588 3365 eegr
622 3201 659 3316 a
695 3206 774 3326 aa
807 3183 899 3343 :itt
935 3209 964 3322 r
1035 3250 1097 3329 n·

88 3455 173 3528 322.
225 3449 309 3525 Non
342 3449 476 3522 faciam
513 3449 599 3542 hoc,
626 3449 805 3552 quamdiu
847 3469 1021 3550 argutum
1056 3483 1190 3532 aeuum

225 3573 302 3648 edit
328 3593 445 3648 mater·
471 3574 562 3678 pulli
590 3577 757 3651 camelini
790 3577 958 3652 feminini
983 3607 1104 3658 sexus.

170 3707 208 3771 ld
230 3713 294 3772 est:
337 3709 509 3793 Nunquam
533 3711 565 3772 id
593 3711 719 3776 faciam.
762 3713 847 3775 conf.
869 3714 953 3778 Kam
975 3735 1001 3778 s.
1024 3738 1055 3780 v.
1077 3751 1137 3818 st„

89 3857 424 4050 agiam
459 3871 517 4017 t}
543 3859 689 3987 mest
722 3862 1039 4054 &maij-³²5
1110 3917 1185 3996 rrr

88 4112 169 4181 323.
223 4107 277 4180 Ne
304 4081 419 4208 super
450 4107 591 4181 camela
617 4106 757 4182 difficili
785 4129 821 4184 et
848 4110 1029 4184 indomita
1056 4113 1186 4210 pigno·

219 4261 258 4305 re
285 4249 386 4306 certa
406 4251 443 4306 et
469 4261 515 4307 nc
541 4262 692 4310 carmen
719 4239 825 4308 metri
846 4233 977 4333 Redjes
1004 4235 1141 4308 recita!
