2838 5024
228 509 279 580 ,3.
329 503 416 577 Fuit
444 503 568 577 asinus
594 515 630 576 et
657 515 817 576 molstus
842 515 896 576 est
922 505 960 576 in
986 504 1138 577 asinam.

325 668 450 730 Sensus
472 677 523 731 est
544 667 811 750 praecedentibus
839 667 1027 730 contrarius.
1050 667 1108 730 Sio
1128 667 1159 729 iu
1182 667 1330 732 Sanaeb·

241 773 358 858 sobarii
395 774 483 836 libro.
525 774 562 835 lu
603 773 753 835 Meidunii
793 781 902 837 autern
936 771 1067 834 scholiis
1097 773 1229 850 legitur:
1268 775 1332 838 lloo

239 889 347 944 autern
368 899 483 943 revera
503 898 565 943 non
586 877 637 960 lit3
659 877 719 942 serl
740 897 857 942 seusus
879 887 947 961 est,
966 895 1038 938 euru
1060 877 1162 941 luisse
1183 881 1333 942 robustum

239 996 274 1049 ot
294 987 439 1069 petiisse,
459 993 494 1049 ut
515 986 627 1049 debilis
653 991 742 1048 esset
762 985 829 1047 vel
852 983 986 1047 debilem
1014 993 1043 1046 ol
1067 984 1213 1067 petiisse,
1234 997 1268 1049 ut
1286 1006 1333 1048 ro-

237 1095 353 1157 bustus
381 1099 480 1156 esset.
521 1093 621 1158 Verbi
642 1101 749 1157 autern
769 1091 886 1192 &bul
906 1089 1097 1174 significatio
1118 1099 1189 1154 est:
1215 1093 1334 1174 „Petit

241 1216 389 1278 orosius
416 1209 541 1279 esset“.

571 1382 1012 1573 'ffissssr

244 1644 282 1720 4.
334 1646 423 1719 Fuit
448 1643 586 1717 vulnus
613 1661 649 1718 et
675 1657 756 1718 turn
781 1655 951 1718 sonatum
978 1656 1044 1720 est.

290 1793 444 1876 Narrant,
466 1788 623 1874 quendum
647 1791 783 1854 amioum
805 1791 864 1872 ipsi
888 1789 1102 1870 carissimum,
1125 1807 1224 1870 quern
1245 1795 1336 1850 morte

243 1899 425 1981 amisisset,
462 1916 556 1960 sumu
569 1918 590 1961 a
628 1897 755 1961 tristitia
791 1897 954 1960 adiootunr
992 1897 1134 1978 luxisse,
1171 1905 1239 1958 tunr
1267 1913 1338 1956 ruo

242 2024 263 2069 a
284 2005 423 2090 lugendo
435 2005 641 2087 abstinuisse,
661 2014 695 2069 ut
715 2005 768 2066 ulii
779 2005 941 2084 mirantes,
956 2022 1111 2087 quaenam
1127 2022 1233 2068 musa
1248 2011 1338 2082 esset,

243 2130 315 2175 sun
342 2113 582 2196 interrogarent
603 2111 688 2174 Eum
709 2111 869 2194 proverbii
889 2110 991 2172 verbu
1011 2108 1141 2172 dioisse.

709 2277 791 2310 eall

713 2335 758 2356 '00

224 2579 282 2682 ⁸ir·
329 2573 417 2646 Fuit
443 2594 556 2648 ovum
581 2570 681 2671 galli.

328 2737 410 2801 lleru
432 2737 533 2799 seurel
562 2743 686 2798 tanturn
707 2735 905 2799 assidentem
927 2736 1097 2819 signifieat.
1140 2739 1341 2802 Proverbiunr

246 2841 495 2906 saunnbuua
511 2841 623 2904 versui
650 2841 782 2903 inseruit
802 2841 928 2904 diosus:

244 3009 1344 3150 mero-sewen&

156 3295 162 3304 ,
251 3231 344 3314 „lam
365 3247 429 3294 oua
451 3231 523 3296 vioe
543 3250 602 3316 per
623 3235 776 3317 temporis
803 3237 932 3318 longum
959 3237 1097 3316 spatium
1119 3257 1173 3299 nre
1200 3233 1343 3301 visioni.

291 3335 417 3417 Repete
437 3344 470 3398 ot
490 3357 532 3401 ne
553 3355 624 3402 earu
640 3339 893 3423 (visitationem)
915 3356 1013 3406 ovum
1034 3343 1111 3426 galli
1130 3339 1231 3410 laol“

531 3516 1045 3708 ἕξξὲᾗὲἑὲη

251 3824 287 3896 6.
335 3817 425 3892 Fuit
449 3815 580 3895 fissurn
610 3819 651 3892 in
678 3815 814 3917 lapide·

336 3989 513 4053 Calamitas
548 3989 639 4068 (nam
671 3955 882 4072 supplendum
911 4000 962 4054 est
980 3993 1088 4076 agamii
1108 3991 1347 4074 columitas)

251 4115 313 4178 ruit
339 4111 456 4174 fissura
481 4111 512 4172 in
538 4119 639 4194 petra.
681 4113 718 4173 lu
747 4113 850 4178 virunr
885 4112 1014 4199 dioitru,
1053 4115 1107 4195 qui
1138 4117 1347 4178 solenitatem

252 4219 375 4283 fortiter
396 4219 471 4302 lert,
493 4227 529 4282 ut
549 4219 621 4282 eius
641 4218 783 4302 vestigia
804 4223 902 4286 mulla
922 4241 986 4285 nou
1004 4231 1197 4287 ramaneant.
