2892 5022
687 335 915 398 ..m.„.

244 540 288 580 re.
333 521 496 586 Proverbii
524 535 642 584 sensus
670 479 754 580 ests
787 515 840 578 Ad
866 493 900 578 te
929 515 1031 598 ipsunt
1063 511 1131 576 redi
1159 520 1193 573 et
1226 511 1337 572 bonnm

242 637 299 690 tuu
313 649 332 690 u
354 648 374 690 a
395 631 477 690 malo
500 638 554 691 tuo
576 619 745 696 discerne!

194 1037 197 1044 ¹
247 1060 306 1126 17.
357 1049 542 1140 Cometes,
569 1047 660 1122 dum
699 1050 831 1150 ligatus
869 1064 935 1137 est,
975 1045 1144 1122 defendit
1187 1048 1343 1122 cometas

368 1191 463 1240 suas.

307 1301 495 1362 ·Camelum
523 1299 646 1362 indoles
680 1263 842 1382 generosa
879 1300 919 1362 ad
955 1298 1170 1363 defendendos
1203 1304 1342 1363 camelas

244 1405 386 1490 impellit,
409 1407 471 1467 etsi
494 1405 622 1468 vinculo
643 1407 759 1488 ligatus
783 1416 844 1468 est.
887 1404 1089 1470 Vocabulum
1111 1405 1180 1496 ,μ
1201 1427 1261 1470 eas
1284 1427 1341 1471 ca-

245 1531 345 1592 meles
367 1528 490 1609 proprio
523 1529 685 1610 designat,
715 1547 798 1607 qnae
826 1527 908 1594 omiti
940 1529 1024 1591 tacte
1052 1539 1161 1592 carent
1189 1539 1242 1592 aut
1275 1541 1345 1611 post

245 1646 368 1720 partum
390 1637 559 1715 septimum
581 1636 634 1696 vel
657 1643 807 1697 octavum
829 1655 971 1697 mensem
993 1644 1139 1720 ugentes.
1175 1640 1218 1699 'tn
1239 1642 1342 1701 virum
1368 1631 1382 1654 ⁸

244 1761 449 1828 generosum,
473 1744 525 1824 qui
548 1741 727 1804 omnimodo
748 1744 898 1807 familiam
920 1762 1011 1805 suam
1035 1753 1146 1806 cnrrtra
1177 1746 1262 1809 ruals
1284 1747 1343 1808 de·

245 1851 356 1933 tendit,
378 1851 574 1912 transfertur.
611 1849 664 1912 Ad
687 1862 821 1912 metrum
845 1849 939 1912 Sarib
961 1853 1106 1940 pertinet
1123 1869 1155 1933 p.
1176 1851 1249 1913 ate.

516 2041 596 2222 001
618 2013 725 2182 5⁶2¹
761 2089 854 2180 Ἠ)
894 2042 986 2160 „dt
1060 2063 1093 2142 in

248 2269 302 2338 18
358 2261 570 2357 Quamnam
595 2261 645 2336 ob
673 2286 818 2334 eausam
845 2285 985 2358 onager
1010 2257 1210 2336 decubuit?

326 2393 437 2456 Verba
458 2394 541 2456 baec
562 2393 808 2458 Amrud’Kaisc
832 2403 948 2475 poetae
964 2393 1193 2460 adscribuntur.
1237 2399 1345 2476 Quum

245 2501 296 2564 itte
312 2501 352 2562 ab
374 2503 565 2581 imperatore
579 2499 774 2564 Graecorum
797 2509 923 2566 vestem
936 2511 1128 2564 venenatam
1150 2506 1345 2585 accepisset,

245 2613 357 2675 exiens
379 2629 533 2694 onagrum
554 2607 811 2689 decumbentem,
833 2627 926 2689 quem
944 2609 1073 2690 invenit,
1086 2612 1273 2674 meloomini
1285 2615 1343 2674 srbi

245 2721 343 2784 duxit.
386 2719 486 2796 Cuius
507 2719 553 2780 rei
574 2718 723 2781 solatium
746 2717 804 2797 ipsi
834 2716 919 2778 ferre
948 2717 1147 2782 studentibus
1176 2721 1237 2784 ista
1269 2721 1348 2786 dixit

245 2828 346 2889 verba
367 2824 620 2906 significaturus,
642 2843 679 2886 se
702 2824 885 2884 moriturum
903 2843 986 2886 esse.
1006 2825 1214 2888 Proverbinm
1242 2828 1285 2888 de
1314 2849 1347 2888 re

245 2930 428 3012 adhibetur,
460 2931 510 2991 cui
545 2932 651 2992 insunt
689 2929 803 2992 indicia
837 2931 998 2992 contraria
1032 2933 1161 2993 aliorum
1199 2938 1346 2997 sermoni.

246 3037 349 3101 conf.
371 3033 605 3110 Amru-t'Knisi
628 3037 792 3100 Moeltaka
813 3056 842 3116 p.
873 3039 903 3096 8.
927 3036 1002 3099 edit.
1024 3038 1063 3100 ei.
1085 3040 1346 3122 Heugsteuberg.

248 3447 305 3520 19.
356 3444 399 3516 In
425 3442 538 3517 domo
564 3467 629 3515 sua
655 3441 703 3517 ad
732 3436 892 3515 iudicem
919 3445 1145 3518 veniendum
1171 3463 1235 3522 est.

327 3593 536 3658 Proverbinm
558 3594 622 3654 hoc
643 3591 769 3653 Arabes
791 3592 931 3653 lacertae
952 3592 1143 3656 adscribunt.
1181 3595 1347 3658 b'sbutau-

246 3712 306 3786 tnr,
328 3703 457 3783 vulpem
479 3701 577 3781 tepori
592 3697 770 3779 dactylum,
792 3717 885 3779 quem
908 3699 936 3760 is
949 3700 1103 3784 cepisset,
1133 3701 1293 3782 eripuisse
1316 3712 1349 3764 et

245 3809 364 3872 edisse.
384 3811 561 3890 Utrumque
584 3806 625 3867 ad
647 3807 799 3866 lacertam
822 3807 968 3886 venisse,
992 3813 1025 3866 ut
1045 3825 1086 3868 ea
1107 3805 1254 3870 indicium
1276 3809 1348 3868 fer-

245 3927 304 3979 ret
332 3918 491 3999 Leporem
514 3914 650 3978 dixisse:
680 3914 708 3977 0
731 3923 821 3994 pater
842 3932 963 3994 parvae
985 3916 1139 3979 incertae!
1173 3917 1348 3978 Lacertam

245 4024 468 4106 respondisse:
491 4042 587 4114 tufo
599 4021 919 4106 tagumdudientem
929 4019 1348 4106 vocasti‘fflixissetepus:

249 4148 477 4234 „Venimusad
490 4157 522 4212 te
537 4143 735 4232 titigmtes‘t
756 4149 980 4228 Respondisse
994 4148 1094 4209 ittam:
1118 4147 1243 4218 tonsa»
1269 4147 1348 4212 tote

247 4272 390 4346 ,Justnm
413 4271 505 4334 vobis
527 4271 661 4336 iudicem
686 4268 932 4334 corretituistis“.
955 4272 1085 4336 Dixisse
1104 4275 1262 4352 teporem:
1286 4273 1347 4332 ttxi
