2864 5030
697 311 925 374 „438-

265 501 347 570 103.
400 495 484 570 Non
522 519 631 570 omne
670 509 816 593 tempus
854 493 1020 592 mulgere
1055 509 1091 566 et
1127 509 1206 567 tum
1232 494 1349 568 bibere

405 621 598 720 permittit.

343 737 380 798 id
416 747 484 800 ost:
527 739 601 800 Nou
641 755 734 798 omne
772 745 896 816 tempus
925 739 956 798 in
992 757 1089 819 opero
1115 737 1299 820 peragendo
1326 745 1352 796 te

265 840 411 924 adiuvet,
432 823 818 925 prudentorigituragns,
833 860 939 924 neque
959 844 1030 906 sine
1051 844 1143 905 modo
1163 854 1197 906 et
1217 862 1355 905 mensure

265 966 345 1030 opes
367 967 495 1032 eroges.
538 948 716 1012 Adhibetur
737 949 939 1028 proverbium
961 949 992 1010 in
1014 950 1097 1010 omni
1120 968 1173 1030 re,
1201 968 1286 1030 quse
1304 965 1354 1008 nos

259 1053 397 1135 mpedit,
424 1056 592 1136 quominus
613 1055 732 1116 divitiis
748 1055 864 1117 oiiisuo
884 1055 982 1117 rebus
995 1056 1145 1116 fruemur.
1166 1055 1260 1116 Dixit
1272 1054 1354 1115 Abn-

261 1158 440 1224 0hbeidue:
468 1161 676 1223 Proverbium
705 1159 827 1222 dixisse
853 1161 953 1222 fertur
984 1158 1102 1223 Seidns
1134 1158 1354 1238 ben-Djobeir

260 1264 498 1346 ineruditione,
529 1265 569 1328 do
590 1284 652 1348 qua
679 1267 895 1347 interrogatus
922 1272 999 1328 erat.
1042 1264 1248 1326 Althoborins
1270 1264 1354 1344 dixit,

262 1370 370 1432 verbis
383 1372 542 1451 proverbii
566 1391 638 1434 eum
659 1374 715 1452 uti,
738 1372 791 1451 qni
811 1371 942 1450 primum
965 1371 1069 1450 operis
1090 1372 1140 1432 sni
1159 1381 1284 1451 portem
1305 1372 1355 1432 iir-

260 1476 352 1538 miter
373 1477 518 1540 instituet
539 1479 664 1559 timens,
694 1497 734 1539 ne
756 1486 950 1557 postremam
972 1478 1042 1539 eins
1063 1487 1186 1558 partem
1208 1478 1355 1558 perticere

261 1601 322 1644 nou
345 1583 457 1663 possit.

264 2034 346 2100 104.
396 2025 572 2098 Profecto
591 2051 671 2098 eam
696 2028 879 2127 mulgebis
906 1999 1075 2102 extremis
1095 2027 1219 2127 digitis
1237 2037 1353 2113 (omne

396 2149 454 2220 lec
481 2150 706 2248 emulgensi)

322 2279 415 2341 Haeo
439 2281 541 2342 verba
571 2281 600 2341 iu
630 2281 824 2342 minitantem
853 2281 1016 2363 dirigimus
1045 2283 1266 2364 significaturi,
1287 2303 1351 2344 eum

260 2387 383 2448 nonnisi
411 2405 535 2448 summe
570 2405 641 2448 oum
670 2388 818 2451 molestie
847 2389 977 2451 anobis
1000 2408 1066 2450 rem
1089 2390 1231 2452 obtinere
1253 2409 1352 2471 posse.
1420 2451 1423 2462 ⁴

261 2493 423 2558 suffixum
436 2501 470 2560 is
492 2494 533 2556 ad
556 2497 710 2557 camelam
732 2496 931 2560 referendum
954 2498 985 2559 io
1006 2517 1072 2558 rem
1087 2498 1274 2560 translatum
1295 2507 1350 2560 est.

259 2618 570 2690 lnSohurns-Aidini
583 2639 679 2700 opere
699 2621 747 2682 sio
768 2621 899 2704 iegiturr
924 2623 996 2718 ijnna
1022 2622 1171 2710 ipisus)
1195 2623 1264 2712 atti,
1290 2625 1333 2691 id.

488 2801 580 2969 jd}
618 2801 711 2958 ji}
748 2800 880 2933 ets
919 2805 993 2948 j]
1067 2855 1112 2932 to
1167 2903 1172 2912 .

263 3063 343 3130 105.
396 3059 479 3132 Non
520 3062 639 3134 mulsa
673 3059 744 3133 fuit
778 3077 813 3133 et
857 3061 1102 3137 diminutione
1140 3065 1247 3148 ¹laetis
1281 3087 1349 3137 non

392 3179 539 3255 adfecta
565 3183 645 3258 fuit.

340 3314 379 3377 Id
399 3325 467 3378 est:
494 3317 579 3410 ‘Nou
610 3319 717 3379 urnlse
745 3329 777 3379 et
800 3317 1003 3381 diminutione
1023 3320 1116 3382 luetis
1138 3318 1267 3381 odiente
1292 3335 1347 3378 non

257 3417 326 3480 fuir.
369 3420 406 3480 ln
427 3440 499 3482 eum
521 3420 648 3501 dieitur,
669 3422 721 3504 qni
740 3440 817 3484 snos
837 3430 892 3485 ent
914 3423 993 3494 eiius
1016 3441 1095 3506 opes
1116 3424 1259 3504 perdidit
1287 3423 1346 3484 Sn-

258 3522 500 3586 mtohsoharius
521 3525 603 3624 &ct
637 3528 740 3616 &0252
771 3537 823 3616 oet
844 3529 935 3608 periit
963 3530 1032 3597 lopo
1055 3541 1179 3610 portem
1200 3525 1345 3610 proverbii

255 3665 332 3712 osse
341 3648 509 3712 adnotavit
529 3658 562 3712 et
582 3649 672 3733 dixit,
694 3653 899 3731 proverbium
913 3651 1054 3715 adhiberi
1075 3652 1116 3715 do
1129 3673 1181 3738 eo,
1203 3653 1255 3735 qni
1273 3663 1343 3730 opes

257 3754 392 3836 perdens
414 3754 543 3818 modum
563 3755 715 3838 perdendi
733 3748 888 3821 desoittr'

677 3911 821 4085 {jin
895 3950 939 4050 ti
1070 3936 1078 3954 ”

259 4179 338 4248 100.
388 4179 470 4252 Deo
497 4179 602 4252 lectis
625 4181 706 4250 eius
721 4153 876 4279 ‘cepidi
