2890 5028
153 505 349 583 Nahomini
371 503 533 584 bonorum,
555 521 638 586 quae
659 505 689 566 ei
711 503 837 588 dantur,
859 502 1021 572 invideas!
1073 473 1075 478 Ι

175 652 370 800 malinii
407 664 493 823 ³⁰⁶>
529 667 738 825 υἷε-ἑὲ
774 638 894 824 Ἀ
931 696 959 792 ii
1029 712 1113 800 i‘i‘i‘

79 915 157 986 433.
210 911 296 986 Non
324 911 411 985 mihi
442 912 571 1012 placet¹
592 912 790 989 vulnerare
818 907 950 989 faciem
975 917 1078 990 socii.

156 1063 306 1138 Jorrosua
328 1063 428 1145 dixit,
451 1063 576 1125 Arabes
597 1063 799 1146 proverbium
822 1067 872 1126 oio
894 1066 1069 1145 explicare:
1092 1065 1181 1128 Vui-

83 1187 136 1250 poe
157 1171 297 1252 lapidem
327 1171 433 1233 eibum
460 1171 490 1232 io
522 1171 594 1233 ioco
623 1171 716 1233 valiis
738 1181 886 1256 angusto
915 1175 1093 1254 conspexit.
1136 1173 1180 1236 Ut

82 1275 200 1339 leonem
229 1277 400 1360 perderet,
431 1279 460 1338 ei
493 1276 581 1340 dixit.
626 1279 664 1338 ln
685 1278 781 1340 vallio
814 1280 885 1342 loco
911 1289 1052 1362 angusto
1082 1279 1184 1362 adeps

85 1391 140 1454 eat,
162 1403 227 1466 quo
249 1385 346 1446 facite
368 1385 460 1466 potiri
482 1391 585 1465 Potes.
629 1383 692 1462 Qui
712 1383 804 1448 locus
839 1403 934 1466 quum
956 1387 1051 1448 nimis
1070 1405 1180 1470 angu-

85 1499 151 1551 stus
166 1501 270 1570 esset,
284 1509 378 1571 quam
394 1500 554 1570 utcorpus
565 1489 665 1552 ieonis
679 1491 820 1571 intraret,
830 1492 944 1571 vulpes
952 1492 980 1554 oi
990 1491 1082 1555 dixit:
1095 1493 1180 1554 Pro-

86 1596 169 1660 trude
191 1591 309 1678 caput!
354 1599 423 1660 heo
444 1597 551 1679 vulpis
572 1597 739 1659 consitium
771 1614 913 1677 aequone
948 1616 1023 1659 mox
1052 1597 1182 1660 firmiter

89 1703 154 1766 loco
173 1683 325 1788 inhaesit,
346 1715 381 1768 ut
402 1724 506 1787 oeque
528 1703 630 1765 redire
656 1723 761 1786 neque
782 1703 907 1785 prodire
928 1713 1051 1785 posset.
1094 1703 1182 1766 Vid-

88 1829 141 1889 pas
168 1821 276 1876 autem
300 1813 425 1873 iconem
447 1813 476 1872 in
503 1809 617 1892 podice
637 1811 730 1872 laesit
753 1824 785 1873 et
806 1829 903 1892 quum
925 1811 975 1872 ieo
997 1831 1083 1892 eum,
1105 1807 1182 1892 quid

90 1917 211 2000 ogereti,
234 1921 460 2000 interrogaret,
483 1917 662 1998 respondit:
684 1919 732 1981 Se
744 1937 816 1978 cum
828 1917 1067 1997 liberaremur,
1089 1917 1184 1979 otie-

91 2044 146 2086 ooe
167 2023 306 2110 dicente,
330 2044 349 2087 a
371 2027 485 2106 capitis
507 2013 606 2087 iatcr'e
628 2025 691 2086 hoc
713 2025 893 2088 faciendum
916 2043 1000 2100 osso,
1021 2027 1084 2087 ista
1103 2043 1182 2105 pro·-

92 2134 183 2194 verbii
197 2134 299 2196 verba
309 2135 439 2216 protudit
447 2177 458 2214 ,
468 2132 583 2213 quibus
592 2131 785 2214 significant,
795 2134 897 2194 virum
911 2150 949 2193 oo
964 2149 1041 2214 erga
1052 2133 1186 2198 aiterum

92 2240 217 2303 amioum
236 2239 335 2302 ddum
357 2238 541 2320 ostendere,
563 2257 661 2320 quum
682 2237 826 2319 perfidus
847 2240 900 2302 sit.

344 2389 416 2420 ‘ea
490 2371 493 2376 '
547 2379 580 2404 Ψ
680 2387 697 2422 o
721 2400 740 2420 α
1023 2385 1026 2392 ·

311 2423 425 2562 ,4)ᾯρ
461 2419 614 2579 ‘'5⁸⁰st
644 2447 739 2554 opu
773 2417 802 2514 >i
872 2432 954 2518 i‘i‘i‘

98 2637 170 2711 434.
220 2641 275 2714 Ne
303 2664 389 2711 eum
415 2654 550 2710 contra
576 2635 758 2709 honorem
789 2651 896 2708 tuum
922 2639 1059 2724 exeita,
1102 2663 1186 2706 nam

224 2775 338 2867 (tibi)
365 2768 596 2844 adhaerebit!

136 2919 251 2980 idest:
273 2919 328 2979 Ne
350 2915 527 2995 permittas,
550 2916 707 2973 utcontra
727 2916 760 2970 te
781 2907 938 2971 audacem
964 2925 1002 2970 ee
1032 2917 1128 2990 gerat
1154 2917 1188 2970 et

102 3025 239 3090 horrorem
260 3037 351 3089 tuum
373 3019 489 3102 laedat,
512 3037 584 3082 nam
607 3019 670 3080 iata
691 3012 806 3096 agendi
834 3016 915 3078 ratio
947 3017 979 3078 in
1008 3035 1128 3080 morem
1158 3017 1189 3078 ei

103 3135 207 3197 veniet.

106 3539 181 3613 435.
227 3547 310 3619 Non
338 3543 440 3617 vides
467 3535 656 3612 Ohclitam
682 3537 750 3608 nisi
778 3533 843 3606 ubi
859 3531 925 3604 tibi
950 3555 1027 3605 non
1056 3526 1187 3640 piacet.

179 3680 211 3740 io
232 3700 304 3742 eum
326 3679 459 3760 dicitur,
481 3674 534 3757 qui
563 3691 616 3734 ros
642 3670 697 3732 tibi
730 3668 874 3752 ingratas
904 3682 1033 3745 semper
1062 3665 1189 3720 tractat.

109 3777 191 3846 Coos.
212 3785 291 3868 Cap.
312 3787 374 3870 vt,
396 3785 446 3846 47.

269 3911 396 4096 {3⁰²3
432 3907 638 4049 imao
672 3898 866 4078 goat
935 3938 1010 4023 ort

111 4105 183 4184 436.
231 4117 313 4190 Non
340 4115 471 4188 leniter
498 4135 565 4213 per
595 4107 720 4210 gulam
746 4101 853 4177 cibus
881 4115 965 4172 tuus
987 4087 1186 4179 descendit,

228 4267 250 4310 o
276 4237 498 4315 Wahwche!
