2908 5028
721 368 762 379 ....
804 283 948 399 5941...

287 525 356 586 eius
378 533 538 588 secretum
560 521 720 606 divulgas,
742 522 782 585 ab
803 522 875 584 eius
898 521 1029 602 perfidis
1056 539 1190 584 securus
1220 537 1292 583 esse
1318 539 1370 580 nen

287 643 381 712 potes
403 633 484 693 etsi
508 633 576 704 eius
599 629 748 693 mandato
775 629 991 709 inobsequens
1023 635 1077 713 es,
1106 631 1173 690 eius
1199 637 1310 709 peetus
1333 629 1372 688 irs

227 741 232 764 '
293 737 458 800 tenendis.
481 740 562 799 'l'um
585 755 711 818 quoque
732 755 825 812 eave,
848 755 890 796 ne
911 737 997 798 laets
1017 738 1078 818 sis,
1099 755 1194 818 quum
1211 739 1280 816 ipse
1297 753 1374 795 moe·

288 853 360 908 stus
379 851 443 926 est„
460 851 493 904 et
513 842 620 925 (fuge)
642 841 810 924 tristitiam,
827 860 922 924 quum
938 843 1009 923 ipse
1023 845 1126 905 laetus
1146 851 1203 904 est.
1226 843 1313 903 Prior
1323 859 1372 901 su·

288 959 352 1012 tem
375 951 552 1032 proprietas
575 948 728 1010 cohaeret
752 965 824 1010 cum
847 966 900 1031 eo,
932 948 1153 1030 quodminus,
1175 965 1268 1029 quem
1290 946 1373 1008 debe-

288 1075 373 1137 mus,
402 1056 555 1136 facimus,
586 1055 744 1134 posterior
771 1071 844 1118 cum
875 1073 933 1137 eo,
979 1054 1061 1136 quod
1089 1057 1187 1116 vitem
1215 1055 1375 1116 turbamus.

289 1163 402 1244 Magni
422 1182 496 1224 eum
516 1180 645 1241 semper
668 1151 770 1244 trabe,
793 1169 828 1222 ut
841 1161 963 1224 horrore
984 1170 1016 1222 te
1026 1155 1169 1223 adficiet!
1193 1161 1296 1239 Quem
1316 1177 1374 1221 me-

293 1271 381 1332 nime
403 1286 476 1330 cum
499 1286 539 1329 eo
561 1268 759 1348 consenties,
782 1274 871 1329 utto
893 1267 1120 1349 benignissime
1140 1275 1264 1344 trsqtet
1296 1267 1376 1329 Scias

292 1383 412 1455 eutem,
436 1372 594 1435 desiderio
617 1381 671 1434 tuo
726 1374 766 1435 sb
795 1393 835 1435 eo
862 1383 895 1435 te
917 1393 979 1435 non
1008 1375 1176 1455 potituram
1198 1392 1291 1454 esse,
1328 1373 1378 1432 nisi

289 1484 361 1544 eius
381 1480 580 1543 voluntatem
599 1489 685 1562 tute,
707 1481 841 1562 eiusque
861 1480 1065 1562 cupiditatem
1087 1483 1119 1543 in
1140 1501 1197 1562 eo,
1227 1479 1310 1561 qnod
1324 1497 1375 1540 eu·

289 1592 341 1672 pis
360 1598 418 1651 sut
440 1589 535 1668 nolis,
556 1598 632 1651 tuse
653 1587 828 1669 praeferas.
875 1589 966 1650 Deus
987 1596 1093 1650 eutem
1115 1587 1255 1659 efficist,
1278 1597 1312 1648 nt
1331 1605 1376 1647 re-

289 1706 376 1759 etum
399 1687 542 1776 eligesF)
584 1695 647 1755 His
662 1695 770 1756 verbis
790 1694 885 1756 finitis
901 1694 1042 1756 dedum·
1069 1693 1275 1755 honorificum
1304 1690 1373 1774 spui

291 1824 362 1868 eum
385 1801 558 1880 occupavit
578 1799 693 1861 locum.
746 1802 880 1882 Septem
901 1809 976 1880 post
998 1821 1069 1862 eum
1090 1809 1262 1882 regnantes
1284 1801 1313 1860 in
1332 1819 1377 1860 re·

291 1913 387 1995 gione
409 1911 527 1972 Jemen
547 1927 643 1992 reges
666 1928 709 1969 ex
730 1929 769 1970 ee
789 1910 854 1969 neti
877 1917 961 1970 sunt.
977 1897 1247 1970 'Abu-Ohbsirlus
1266 1909 1335 2008 mi),
1357 1908 1376 1969 t.

289 2038 334 2099 itt
356 2036 549 2113 enunciavit,
572 2042 608 2096 ut
627 2033 662 2098 ό
686 2034 851 2096 masculini
867 2035 995 2116 generis
1016 2035 1069 2112 sit3
1083 2033 1183 2094 verba
1202 2041 1307 2094 sutem
1321 2031 1373 2091 At-

115 2165 119 2172 '
167 2239 173 2246 ,
290 2158 479 2242 nebeghnho
524 2154 714 2236 Aldsobjsni
755 2156 896 2220 tribuens
936 2155 1099 2218 lhzemum
1141 2153 1374 2218 ben-Schahbnr

291 2267 379 2347 regis
403 2263 594 2328 Alnohmtni
616 2263 844 2325 cubicularium
866 2261 929 2322 hoe
945 2261 1270 2342 versuinterrogenti,
1289 2277 1376 2340 quse·

290 2392 363 2435 nem
384 2376 473 2455 regis
496 2375 621 2458 aegroti
651 2370 789 2458 conditio
819 2377 918 2432 esset.
962 2367 1020 2432 Sic
1048 2385 1175 2449 quoque
1200 2369 1233 2430 in
1258 2363 1374 2429 Ksmusi

291 2497 388 2559 opere
413 2478 538 2561 legitur.

297 2844 352 2912 13.
403 2838 485 2912 Non
515 2853 570 2911 est
595 2835 687 2910 mihi
713 2843 854 2912 crimen
886 2853 1035 2939 praeter
1062 2839 1201 2910 crimen
1229 2833 1374 2911 Zolnne.

386 2963 447 3080 ,ἓ
473 2998 505 3049 et
520 2962 580 3084 533
607 2987 716 3067 (Znhr
739 2998 772 3051 et
790 2989 899 3067 Zohr)
921 3007 988 3051 vox
1011 2987 1206 3050 dominabilis
1232 2997 1268 3052 et
1297 2985 1374 3049 inde·

291 3098 447 3163 elinebiiis
467 3119 582 3163 nomen
602 3099 686 3164 iiiito
706 3099 863 3162 hokmani
885 3096 976 3174 est.²)
1018 3102 1205 3164 hokmsnus
1233 3120 1305 3164 cum
1324 3099 1375 3160 filio

292 3204 516 3268 mrohokaimo
528 3207 713 3288 praedatum
727 3209 891 3289 profectus
913 3209 1017 3270 multis
1034 3211 1163 3271 camelis
1183 3211 1299 3292 potitus
1312 3215 1376 3269 erat.

293 3312 469 3375 Lokeimus
492 3333 586 3395 quum
613 3323 688 3375 ente
719 3315 921 3377 Lokmtnum
953 3315 1080 3377 domum
1107 3335 1261 3378 reversus
1289 3321 1375 3392 esset,

293 3415 404 3478 Zohre
425 3438 519 3479 unum
544 3438 586 3482 ex
608 3421 678 3508 eius
701 3421 832 3483 camelis
854 3425 1020 3504 mactavit,
1047 3429 1082 3485 ut
1103 3425 1183 3505 petri
1203 3422 1306 3483 eibum
1326 3439 1376 3500 ps-

293 3528 387 3582 rtret.
432 3522 636 3608 bemanus,
681 3527 734 3606 qui
763 3526 868 3588 odium
899 3530 932 3588 in
970 3529 1161 3602 Lnkaimum
1188 3521 1376 3610 con'eeperrt

264 3714 265 3718 Ἰ
294 3627 377 3708 quod
399 3638 473 3690 ente
492 3631 594 3711 ipsum
613 3631 740 3694 domum
764 3642 908 3716 venerat,
931 3633 1015 3696 filiae
1036 3635 1146 3715 stapes
1169 3634 1263 3697 duxit
1299 3633 1377 3696 Haec

293 3745 401 3800 autern
422 3738 539 3800 iniusta
571 3757 675 3819 poent
703 3740 734 3801 in
764 3742 924 3822 proverbii
953 3742 1213 3805 consuetudinem
1241 3743 1326 3803 venit
1352 3745 1378 3798 et

293 3844 395 3906 verbe
416 3845 447 3905 in
469 3862 541 3906 eum
570 3843 741 3927 dicuntur,
772 3847 825 3927 qui
852 3866 908 3929 pro
937 3847 1094 3910 beneficio
1122 3867 1207 3911 noxe
1236 3846 1377 3910 adficitur.

293 3951 385 4012 Dixit
407 3949 576 4014 chaffttus
597 3950 838 4015 ben-Nodbeh:

299 4073 340 4086 μ·-

217 4161 222 4170 ,
312 4121 342 4176 1)
359 4121 568 4172 Adhortntiones
592 4121 643 4170 ine
665 4119 795 4186 leguntur
816 4131 922 4186 queque
945 4121 972 4172 in
995 4121 1208 4172 chrestomsttris
1229 4135 1288 4173 mes
1314 4129 1377 4171 nors
1437 4149 1438 4190 ;

364 4217 388 4264 1)-
406 4196 446 4256 ‘ii‘
462 4216 500 4266 sq.

311 4281 341 4344 2)
359 4285 389 4333 tn
407 4285 516 4334 Kamust
534 4293 617 4343 opere
635 4294 695 4333 eam
712 4283 845 4337 Lokmsnt
861 4299 987 4340 sororem
1003 4286 1087 4338 titisse
1105 4287 1227 4352 legimus.
