2902 5036
701 338 957 430 Τηδ-

287 529 391 592 salum
413 523 584 589 Almedhitr
598 519 719 587 Solami
742 531 775 584 ot
796 517 1069 584 Moehwwidsnm
1084 521 1372 583 Allrooanraltoatr·

287 634 439 716 wijahun
468 632 599 714 peperit.
631 628 714 692 ooni.
756 629 808 688 De
848 628 939 706 Saey
973 625 1093 690 Notieo
1128 645 1185 690 sur
1224 630 1255 690 le
1293 637 1372 708 poete

199 797 201 800 .
288 739 398 804 hebid.
428 759 456 820 p.
490 737 769 800 ttonronumenta
788 733 883 812 antiq.
906 732 978 794 hist.
1000 733 1152 797 Arabum.
1175 755 1205 815 p.
1232 735 1299 796 115.

588 878 1095 1083 εῴὰᾷέω

293 1156 374 1230 106.
425 1149 606 1239 Nobilior,
632 1174 745 1249 quam
772 1145 952 1221 Chabiah.

328 1302 407 1362 Erot
427 1297 493 1360 lilia
510 1295 617 1378 Rtjeht
638 1293 902 1359 ben-Alasehall
924 1293 1127 1376 Alghanawi.
1147 1296 1300 1376 Narrant,
1316 1313 1377 1355 ean

289 1426 383 1490 quum
415 1405 594 1485 somniaret,
608 1402 771 1467 audivisse
796 1402 1060 1482 interrogantem:
1082 1401 1170 1466 Num
1192 1401 1248 1462 tibi
1277 1400 1376 1462 denen

288 1515 390 1595 viles,
412 1532 453 1575 an
475 1521 563 1591 tres,
592 1511 645 1592 qui
673 1508 785 1571 decem
813 1509 891 1570 viris
920 1509 1074 1590 aequales
1104 1517 1201 1591 sunt,
1230 1510 1376 1592 gratiores

289 1615 475 1686 habentur?
502 1617 597 1698 Quod
629 1635 725 1698 quum
747 1616 848 1678 altera
874 1624 970 1678 noete
993 1613 1161 1698 repetitum
1189 1625 1296 1692 esset,
1317 1636 1376 1678 ean

289 1729 452 1803 maritum,
480 1725 649 1806 Djat‘arum
673 1721 877 1799 ben-Cileb,
905 1722 980 1804 quid
1002 1723 1073 1804 ipso
1093 1723 1316 1808 responderet,
1336 1727 1376 1786 in·

291 1844 476 1915 terrogasse
497 1841 531 1894 et
553 1851 595 1894 ex
615 1832 717 1893 mariti
745 1827 877 1892 oonsilio
907 1827 1029 1893 dixisse
1058 1832 1151 1893 tertia
1171 1840 1269 1894 noete
1289 1833 1376 1894 inter·

291 1941 433 2024 roganti:
455 1941 537 2000 'l'res
562 1936 717 2020 aequales
739 1936 853 2000 decern
875 1935 963 1998 viris.
1005 1937 1177 2018 Peperisse
1200 1939 1296 2019 igitur
1315 1957 1373 2001 ean

291 2050 371 2110 tales
392 2057 469 2129 tres,
493 2043 659 2108 Chelidum
679 2042 851 2124 Alazbagh
873 2045 1140 2125 cognominatum,
1170 2044 1257 2127 quod
1276 2047 1306 2108 in
1324 2065 1373 2108 an·

290 2153 406 2213 teriore
428 2152 533 2234 eapite
553 2150 708 2214 rnaoulem
732 2149 837 2213 albem
856 2147 1001 2232 haberet,
1027 2151 1183 2212 ltlsliourn
1213 2151 1374 2232 AlthajJ'rn,

289 2257 376 2336 qnod
410 2267 555 2322 ventrem
590 2259 765 2339 collapsum
791 2254 923 2320 hobewt
952 2267 988 2324 et
1007 2257 1188 2322 Rubiahum
1218 2259 1374 2340 Atahwar,

289 2369 375 2454 quod
395 2372 505 2452 parvis
526 2373 629 2434 oeulis
651 2371 814 2454 praeditus
835 2383 951 2443 esset,

297 2783 376 2849 107.
429 2769 610 2861 Nobilior,
637 2800 751 2875 quum
777 2771 949 2848 Ahticnh.

374 2901 453 2979 Erat
464 2899 530 2963 filie
549 2901 654 2964 Heleli
668 2900 845 2966 ben-Falih
860 2903 1072 2967 ben-Morrah
1091 2904 1151 2968 ben
1165 2905 1318 2970 Dsiewau
1331 2908 1374 2969 111-

290 3004 479 3087 sotamijjah,
495 3014 595 3089 nupta
618 3006 878 3072 Ahbd-Meneio
908 3008 1155 3098 ben-Kozzoij,
1172 3015 1224 3076 eui
1248 3013 1375 3077 llaschi-

289 3131 383 3188 mum,
408 3111 718 3178 Ahbd-Sohemsum
740 3123 773 3178 et
793 3117 1062 3181 Almothallebum
1084 3121 1216 3202 peperit

522 3291 801 3473 »1133
837 3279 904 3473 Cr
940 3272 1033 3461 611
1103 3327 1149 3414 l

237 3526 239 3535 ’
292 3537 375 3610 108.
423 3532 628 3626 Foetidior,
655 3563 769 3638 quem
795 3539 878 3612 lene
903 3537 1042 3612 foetido
1069 3543 1207 3616 ovium.

371 3681 462 3744 hena
480 3681 623 3782 luetone,
644 3704 727 3768 quoe
749 3706 769 3748 e
787 3685 922 3768 pellibus
951 3688 1091 3753 nondum
1113 3691 1236 3754 omniuo
1255 3690 1372 3753 eorroin·

289 3789 373 3854 natis
390 3789 476 3863 (aliis
497 3799 666 3873 antequam
687 3792 866 3858 concinnati
886 3799 985 3874 sunt),
1017 3797 1173 3862 evellitur.

598 3963 1068 4166 JQQQMA

292 4249 373 4318 109.
425 4246 579 4350 Saepius
604 4254 734 4344 iniens,
761 4279 875 4356 quam
902 4257 1063 4334 leserus.
