2890 5028
697 291 925 354 ..506-

255 498 349 544 manu
392 496 430 540 oa
478 477 638 547 indicavit.
680 479 774 539 Haec
814 483 922 540 autern
957 477 1029 540 eius
1073 485 1239 558 postrema
1274 499 1349 542 ver·

128 643 133 658 ,
255 588 294 648 ba
331 593 430 647 erant·
472 586 619 647 Mortuus
661 593 712 645 est
749 592 876 645 centurn
912 593 944 644 et
980 584 1093 666 viginti
1122 605 1224 650 annos
1245 597 1348 668 natus,

254 711 386 772 quorum
407 691 611 772 septuaginta
631 699 705 773 ante
727 687 959 752 Muhamrnedis
970 690 1171 772 religionem,
1193 693 1351 774 quinqua-

253 799 348 881 ginta
374 806 449 879 post
476 797 566 858 vixit.
609 797 750 858 Narrant
777 815 909 858 uxorem
940 815 1012 858 eum
1046 798 1105 860 iter
1134 799 1296 862 facturum
1324 809 1353 861 et

254 907 427 967 iumentum
451 903 662 966 adducentem
684 905 912 986 interrogasse.
944 904 1080 984 Quando
1101 903 1244 968 redibis?
1273 909 1353 972 Eum

254 1012 392 1075 dixisse:
411 1012 555 1072 Numera
575 1029 688 1092 annos,
713 1011 837 1092 quando
859 1011 1023 1092 protectus
1045 1031 1129 1093 sum,
1159 1013 1199 1074 ob
1222 1013 1352 1076 reditum

255 1141 362 1184 meum
383 1129 416 1182 et
437 1121 506 1181 siue
528 1137 678 1200 menses,
709 1139 780 1181 nam
810 1119 927 1182 breves
948 1129 1031 1182 aunt.
1073 1122 1161 1183 Dixit
1180 1122 1254 1184 iila:
1280 1123 1353 1184 Me-

256 1249 323 1290 mor
350 1231 398 1289 sis
426 1227 564 1308 amoris,
592 1244 655 1305 quo
685 1235 716 1286 te
744 1228 919 1306 amplector
950 1233 983 1286 et
1010 1225 1157 1288 desiderii
1183 1229 1263 1310 mei,
1295 1248 1353 1311 quo

255 1345 382 1412 teneor,
413 1343 445 1396 et
475 1333 628 1395 miserere
659 1330 791 1393 filiarum
820 1340 961 1412 tuarum,
997 1349 1079 1413 quae
1107 1353 1229 1415 parvae
1265 1321 1352 1396 sunt!

257 1445 424 1518 Diuorum,
447 1461 519 1503 oum
542 1440 634 1502 laude
656 1458 716 1508 sua
736 1457 847 1501 omues
869 1441 1037 1519 eierasse,
1065 1449 1178 1523 satyra
1199 1459 1264 1503 sua
1286 1461 1353 1503 om·

256 1537 314 1612 nes
335 1550 545 1631 depressisse.
589 1551 631 1611 nr
658 1567 696 1610 sc
717 1549 840 1630 ipsum,
872 1566 967 1629 quum
996 1565 1033 1609 se
1062 1548 1094 1608 in
1115 1549 1252 1628 speculo
1275 1565 1351 1610 con-

255 1662 472 1741 temptaretur⁷
495 1666 562 1719 erat
590 1657 672 1716 enim
698 1654 848 1716 deformis
876 1653 1044 1735 adspectu,
1067 1663 1178 1736 satyra
1199 1657 1352 1736 persten-

261 1766 352 1827 xisse
372 1764 541 1825 dicentem.

316 1873 442 1952 „habia
462 1891 532 1934 mea
553 1870 646 1931 hodie
667 1871 727 1932 nisi
751 1872 832 1933 mala
853 1871 994 1952 proferre
1014 1873 1142 1949 volunt,
1165 1879 1199 1932 et
1222 1873 1343 1953 nescio,

256 1981 381 2043 cuinam
404 1997 466 2060 ego
488 1997 526 2040 ea
548 1976 662 2039 dicam.
683 1977 792 2040 Meam
814 1977 930 2039 faciem
946 1995 1023 2039 esse
1044 1977 1219 2039 deformem
1241 1995 1262 2038 a
1283 1979 1348 2038 Deo

255 2087 422 2149 formatam
448 2105 523 2149 csse
542 2083 646 2146 video.
675 2087 722 2146 At
742 2085 843 2165 turpis
864 2083 1019 2146 habeatur
1041 2084 1095 2146 iila
1116 2082 1231 2167 iacies,
1254 2085 1349 2164 turpis

254 2193 435 2257 declaretur
455 2193 496 2274 is,
519 2193 571 2272 qui
593 2211 664 2256 eam
686 2182 830 2272 portat!“
853 2194 994 2254 Mettum
1015 2191 1350 2273 Thawiiest.p.162.

682 2353 776 2384 caua
848 2338 919 2383 ao!
949 2351 965 2382 u
997 2349 1035 2382 a·
1079 2359 1098 2380 ο

657 2465 694 2498 's

370 2354 538 2508 1,.Μὶ
563 2363 613 2562 {i
645 2380 800 2528 σιμ
824 2401 902 2508 '30¹
937 2382 1029 2528 Uin
1065 2385 1090 2472 i
1164 2393 1236 2480 Μ’

255 2629 339 2706 ³24
377 2623 493 2697 Nesis
512 2625 703 2698 asinorum
720 2623 946 2696 silvestrium
964 2623 1156 2723 proximus
1180 2621 1346 2717 sagittae!

337 2757 391 2819 Ne
424 2759 471 2820 sis
501 2758 581 2819 inter
616 2759 723 2819 socios
754 2765 829 2818 tuos
863 2755 997 2817 interitui
1029 2753 1203 2833 proximus.
1238 2753 1344 2815 Monet

255 2883 327 2944 nos,
350 2871 387 2925 ut
409 2882 594 2928 caveamus.

467 3015 574 3198 jis
608 3024 662 3242 itt
687 3043 827 3166 izr‘t
865 3015 992 3224 {tsi
1062 3088 1129 3166 rto

257 3309 340 3377 325.
392 3305 475 3380 Non
502 3322 649 3381 recusat
675 3307 856 3382 honorem
883 3312 952 3382 nisi
982 3311 1115 3382 asinus.

312 3419 422 3500 'Antii
456 3443 604 3523 principis
639 3443 739 3504 verba
770 3453 853 3505 sunt.
896 3444 1031 3505 Duobus
1062 3443 1141 3506 viris
1172 3443 1214 3506 ad
1250 3445 1344 3524 ipsum

255 3546 476 3630 venientum,
517 3556 551 3609 ut
585 3547 804 3632 considerent,
828 3547 890 3610 duo
912 3549 1090 3630 pulvinaria
1112 3550 1186 3630 poni
1207 3550 1342 3610 iusserat

255 3655 345 3718 Unus
367 3671 461 3735 quum
483 3655 586 3718 iocum
609 3655 640 3716 in
661 3657 817 3736 pulvinari
835 3663 1021 3736 occuparet,
1042 3657 1121 3718 slter
1142 3675 1219 3735 nou,
1241 3649 1343 3715 nnius

255 3781 325 3822 rrum
348 3760 439 3822 hisce
459 3763 568 3824 verbis
588 3761 704 3825 additis
725 3761 841 3824 sedere
862 3763 966 3825 iussit

436 3905 476 3950 αὖ
510 3914 580 3951 20⁴0
617 3928 694 3950 aaa
848 3929 897 3951 ee
944 3907 1081 3952 ³105ae

397 3951 470 4096 c>tr
499 3956 570 4099 &r
602 3998 711 4108 {rs
747 3930 790 4045 t?
820 3949 901 4046 εις
922 3954 1015 4068 rer
1051 3952 1095 4046 r·
1150 3968 1214 4050 ro

153 4253 159 4265 ,
258 4185 343 4257 326.
392 4179 475 4256 Non
504 4183 575 4258 hoc
602 4183 748 4273 faciam,
768 4181 949 4285 quamdiu
976 4183 1100 4285 pullus
1119 4186 1207 4258 esini
1233 4177 1341 4282 pedit!
