2906 5028
525 335 733 401 flm—

162 523 316 586 'l'imidnm
341 523 469 604 longum
504 520 566 583 eibi
601 519 748 584 baculum
770 511 896 598 'eligere
923 515 1048 596 dicunt,
1089 523 1123 576 ut
1143 515 1175 576 iu

91 631 286 712 percutiendo
311 631 353 693 sb
379 629 475 692 hoste
509 647 568 690 suo
590 627 740 690 remotior
762 625 814 686 sit.
855 625 930 686 lieo
954 625 1051 707 igitur
1081 622 1113 685 in
1140 641 1177 684 re

89 739 198 800 timoris
211 739 342 820 signum
364 734 485 798 vident.
529 731 623 797 conl.
652 732 738 795 doct.
771 730 945 792 llertbeeui
975 729 1041 790 libr.
1071 747 1102 810 p.
1135 727 1174 794 tt

90 852 158 906 text.

89 1254 139 1326 dd.
184 1251 327 1325 Servus
351 1247 492 1324 baculo
520 1251 746 1353 percutitur,
771 1264 808 1320 et
833 1250 872 1320 in
896 1245 1017 1322 libero
1033 1249 1176 1350 uitupe.
1212 1351 1221 1360 ι

184 1378 283 1450 rium
308 1373 460 1450 suflicit.

159 1533 248 1596 lroco
268 1533 363 1596 vocis
378 1533 470 1602 wll
491 1532 608 1617 legitur
621 1549 747 1614 quoque
767 1527 870 1630 ubtuli
890 1522 1049 1612 ,‚nutus“.
1070 1527 1173 1590 Hisce

86 1655 183 1718 verbis
219 1655 310 1716 servi
343 1655 452 1718 vilitas
486 1653 695 1736 significetur.
739 1651 924 1717 Observare
955 1649 1030 1712 mibi
1061 1649 1173 1732 licent,

86 1781 160 1844 quse
175 1759 462 1824 Almolsdbdbelus
477 1758 678 1823 adnotaverit
690 1759 730 1821 de
739 1758 930 1842 cognomine
944 1757 1050 1838 gentis
1062 1757 1174 1818 Bonu-

85 1866 168 1930 Asud
203 1869 289 1934 bodl
315 1878 406 1950 etms
427 1868 540 1950 „servi
561 1861 701 1951 baculi“‚
725 1867 804 1929 euin
819 1863 932 1927 codiee
946 1865 1174 1927 meoetbero-

86 1992 188 2054 linensi
216 1991 343 2052 nonnisi
370 1988 557 2070 explicando
584 1988 751 2070 proverbio
779 1985 982 2067 praecedenti
1007 1987 1173 2068 inservire.

87 2101 117 2158 ln
142 2097 251 2160 codice
279 2096 491 2178 Lugdunensi
512 2097 597 2163 tull
623 2111 695 2180 ,μ
724 2093 838 2175 „servi
864 2087 992 2154 beculi“
1022 2100 1174 2178 tanquam
1233 2141 1237 2149 .

88 2239 197 2283 novum
223 2221 428 2302 proverbium
457 2220 610 2300 seriptum
646 2221 807 2300 reperitur.
850 2223 1058 2304 Cognominis
1091 2239 1175 2284 ceu-

87 2344 149 2390 suu
168 2327 251 2390 benc
278 2325 395 2406 fuisse,
418 2325 703 2388 Almofudbdbelus
736 2329 892 2392 uerterit:
931 2329 1030 2396 llilius
1046 2329 1174 2410 quidem

88 2434 299 2518 lluebwijjuhi
319 2434 467 2494 bleceam
487 2433 695 2516 proficiscens
716 2433 965 2500 desiderabatur.
999 2436 1109 2524 ‚euius
1129 2435 1176 2498 rei

89 2543 219 2622 suscipio
242 2559 338 2622 quum
358 2541 390 2599 in
410 2541 515 2600 virum
537 2557 556 2599 e
577 2547 675 2621 gente
695 2540 911 2604 Banu-Asud
937 2543 1033 2603 llibul
1060 2541 1176 2623 appel-

91 2645 176 2709 lttum
221 2644 370 2728 cederet,
405 2645 555 2706 Huritsus
586 2645 633 2705 rei
654 2647 769 2707 certior
807 2647 914 2708 fuctus
945 2647 976 2706 in
1012 2647 1176 2727 regionem

90 2751 255 2837 behemoth,
278 2752 390 2814 sedem
411 2751 517 2834 gentis
537 2750 750 2814 Banu-Anud
771 2761 924 2836 tempore,
951 2772 1012 2833 quo
1028 2755 1179 2818 neceam

89 2861 239 2940 prolicism
260 2859 419 2942 solebant,
440 2859 603 2940 proiectus
625 2869 686 2922 est.
717 2858 809 2924 Gens
830 2860 1047 2924 Banu-Asud
1065 2863 1177 2946 lugam

88 2969 176 3050 cepit,
198 2978 233 3030 et
252 2967 405 3030 llaritsus
427 2966 551 3046 publice
571 2967 737 3049 nuntiavit,
760 2968 813 3050 qui
834 2987 929 3032 unum
943 2979 1072 3052 egente
1085 2970 1178 3034 Asod

89 3071 303 3154 inhospitium
324 3073 514 3153 recepisset,
543 3073 613 3140 eius
639 3073 828 3154 sanguinem
857 3075 927 3136 sine
954 3074 1096 3138 vindicte
1124 3078 1178 3137 ef·

89 3177 165 3239 tundi
178 3197 285 3260 posse.
308 3181 382 3240 Hoc
399 3197 477 3240 vero
490 3197 525 3240 re
535 3177 567 3240 in
586 3197 742 3240 summum
759 3179 928 3243 discrimen
941 3181 1080 3245 adducta
1095 3203 1177 3266 gens

89 3284 226 3348 llibulum
264 3285 307 3348 ed
343 3287 512 3348 Huritsum
552 3287 694 3350 adduxit.
742 3288 891 3352 Horitsus
933 3290 1008 3354 huic
1049 3291 1176 3354 venium

90 3388 186 3475 dedit,'
199 3402 348 3454 caeteros
370 3393 474 3454 cecidi
494 3394 594 3458 iussit.
637 3396 715 3456 ltrot
736 3401 844 3478 eutem
866 3395 895 3455 ei
921 3415 999 3457 uxor
1017 3395 1177 3480 Obzujjob

88 3502 214 3578 (parvus
236 3500 389 3579 buculus)
411 3501 571 3580 appellate
592 3500 632 3561 od
653 3509 783 3582 gentem
807 3499 959 3584 Ceudob,
1001 3519 1083 3582 quae
1102 3521 1178 3582 pars

89 3609 184 3682 gentis
203 3607 335 3672 Wubab
357 3607 417 3667 ben
432 3607 605 3668 -Alhsrits
628 3617 710 3689 erut,
729 3608 911 3689 pertinens,
942 3625 1024 3689 quoe
1044 3615 1176 3689 gentem

90 3705 302 3775 lime-And
340 3711 568 3774 avunculorum
589 3714 661 3775 loce
693 3711 840 3774 bubebut
861 3713 1005 3776 Huiusce
1028 3715 1178 3794 precibus

92 3828 260 3885 commotus
280 3819 425 3882 Asaditis
446 3820 623 3882 libertatem
652 3819 756 3900 dedit,
780 3820 831 3882 in
857 3821 949 3882 euius
977 3823 1023 3882 rei
1050 3823 1178 3902 signum

93 3925 216 4000 quilibet
234 3945 343 3988 eorum
365 3927 510 3990 baculum
529 3925 663 4006 occepit.
706 3926 808 3990 Peuci
828 3935 895 3989 tum
916 3929 1069 4007 temporis
1090 3935 1180 3990 erent

93 4030 239 4094 Auditae
258 4042 292 4096 et
311 4033 474 4115 regionem
496 4033 671 4096 Tebemsm
693 4051 797 4114 usquc
817 4034 858 4095 sd
879 4042 1012 4095 mortem
1026 4033 1180 4096 Alliaritsi

93 4135 271 4202 incolebant.
313 4140 393 4202 Post
413 4155 495 4220 gens
515 4137 668 4200 Cenonsb
688 4157 747 4201 eos
768 4158 810 4202 ex
839 4138 955 4220 oppido
976 4139 1095 4201 blecca
1116 4157 1178 4202 ex-

94 4242 171 4320 pulit.
214 4242 422 4328 Cognominis
444 4252 552 4308 eutem
573 4259 673 4309 cnuto
695 4250 762 4306 tum
787 4261 903 4306 nomen
928 4244 1067 4308 mulieris
1095 4247 1178 4310 illius

891 4413 935 4483 '2¹
