2902 5036
675 278 908 342 -7g4..

235 473 351 550 Neque
377 467 456 531 odor
488 469 594 530 camis
620 483 725 547 neque
753 463 867 527 sordes
894 461 997 542 adipis
1022 463 1055 522 in
1088 477 1203 524 crassa
1231 480 1335 524 carum

236 576 342 640 latera
378 575 505 636 intrant
548 570 705 638 Sordidae
742 589 803 651 ope
829 587 935 650 aquae
962 570 1121 650 poliuntur
1153 579 1186 632 et
1214 571 1339 631 lavatae

236 689 449 762 renovantur,
481 687 514 740 et
539 678 671 758 pulchro
693 676 850 739 modoad
871 677 1037 757 pristinum
1058 683 1176 738 statum
1199 674 1340 739 redeunt.

238 791 356 869 Aquae
378 787 516 850 omnium
538 801 644 847 rernm
664 784 821 846 simillimo
843 791 914 866 est,
935 781 1102 845 artificium
1129 793 1181 844 est
1202 781 1342 846 admiro-

240 895 302 958 hilc
323 902 356 956 ct
376 912 444 975 ars,
469 912 533 975 qua
555 891 733 967 coniicitur,
771 889 982 956 admirabilior
1004 900 1065 950 est.
1086 890 1221 953 Salomo
1246 909 1341 971 quum

239 1002 311 1063 vasi
333 998 565 1063 adhibendum
587 1017 624 1062 os
646 997 852 1080 admoveret,
875 997 1050 1059 daemones
1070 997 1207 1059 rebelles
1228 996 1342 1059 diaho-

238 1109 324 1190 lique
349 1116 479 1170 austero
509 1106 601 1169 vultu
628 1126 700 1169 eum
723 1105 950 1187 adspexerant.
976 1107 1065 1166 Deus
1086 1111 1152 1166 tum
1174 1123 1250 1166 eum
1272 1124 1342 1166 am·

238 1215 345 1295 pullas
368 1202 629 1294 facere'docuit,
659 1231 790 1294 quarum
819 1231 881 1294 ope
908 1213 1002 1273 iatam
1031 1211 1198 1274 audaciam
1227 1221 1263 1272 et
1283 1231 1341 1293 op-

239 1320 397 1402 probrium
420 1338 440 1381 a
460 1338 497 1381 se
518 1320 677 1382 retineret.
721 1318 782 1398 Qui
804 1327 911 1381 autem
934 1325 975 1380 ad
1005 1317 1175 1380 hibendum
1197 1320 1283 1380 vitro
1305 1339 1340 1381 os

240 1426 392 1510 admonit,
417 1431 447 1492 is
467 1428 540 1491 vasi
560 1447 603 1491 ex
624 1445 723 1511 aqua,
746 1445 835 1503 aura,
854 1428 1024 1508 splendore
1044 1443 1082 1488 os
1102 1425 1341 1489 admoverevi-

241 1534 344 1598 detur.
376 1537 517 1617 Speculo
538 1544 644 1599 autem
665 1555 708 1598 ex
730 1537 814 1598 vitro
834 1534 985 1596 conlecta
1004 1535 1035 1596 in
1063 1535 1186 1615 parieta
1208 1535 1339 1598 clariora

178 1623 181 1632 ¹
244 1649 335 1731 sunt,
370 1657 464 1723 quam
485 1641 618 1722 specula
639 1661 682 1704 ex
704 1641 841 1722 chalybe
862 1647 975 1720 parata
996 1647 1028 1701 et
1049 1639 1184 1720 figurae,
1207 1643 1336 1720 quaein

240 1731 281 1810 iis
304 1747 468 1832 adparent,
489 1747 713 1811 distinctiones.
756 1742 827 1828 Ope
853 1746 1009 1827 ampullae
1030 1747 1151 1808 vitreae
1173 1764 1259 1830 aqua
1280 1750 1337 1810 im·

240 1854 347 1936 plotae
367 1854 452 1936 ignis
474 1853 605 1918 elicitur.
628 1855 711 1916 'l'um
733 1853 766 1916 in
786 1873 826 1916 eo
846 1854 949 1934 ipsum
969 1853 1071 1915 solem
1093 1855 1243 1916 aemulati
1257 1864 1337 1930 sunt,

240 1962 388 2043 qnoniam
415 1969 529 2024 natura
550 1961 639 2043 vitri,
662 1978 785 2044 aquae,
812 1979 909 2024 aurae
936 1969 969 2022 et
996 1959 1074 2022 solis
1103 1959 1249 2022 ciusdem
1272 1962 1334 2023 ele·

240 2070 337 2131 menti
367 2078 427 2132 est.
469 2068 566 2133 Nulla
596 2077 702 2131 autem
721 2086 775 2130 res
796 2068 855 2130 sub
876 2067 968 2130 coelo
995 2069 1157 2150 pigmenta
1178 2049 1336 2132 meliusin

240 2193 278 2237 se
304 2175 423 2255 excipit
449 2183 483 2236 et
512 2181 703 2251 conservat,
728 2175 775 2237 ita
797 2183 832 2236 ut
853 2191 925 2236 cum
942 2174 1123 2237 substantia
1143 2175 1215 2237 eius
1235 2176 1337 2237 intimo

241 2281 479 2362 coniungantur.
502 2281 604 2343 Lucis
624 2289 730 2344 autem
752 2279 952 2363 splendorem
974 2280 1149 2342 inalterum
1161 2283 1248 2343 aeris
1262 2283 1337 2344 lat-us

240 2389 460 2454 transmittens
489 2387 630 2450 colorem
651 2389 796 2450 suumin
818 2384 894 2448 illud
915 2386 1074 2448 transfert.
1097 2386 1191 2465 Quod
1214 2390 1244 2449 si
1265 2408 1336 2450 vcro

239 2502 357 2557 terram
390 2492 561 2556 habitaculi
603 2513 661 2575 per
691 2494 843 2575 poculum
877 2494 1003 2556 colores
1031 2493 1156 2556 habens
1195 2505 1337 2558 contem·

239 2600 350 2683 piaris,
363 2619 402 2662 ea
419 2599 578 2681 pulchrior
595 2619 689 2682 quam
711 2603 835 2682 pictura
844 2598 1008 2679 Zanaae¹)
1018 2608 1051 2662 ct
1065 2601 1207 2662 sericum
1215 2603 1336 2664 'l'ostari

239 2706 377 2774 videtur.
391 2707 547 2770 Homines
569 2715 677 2770 autem
698 2707 739 2770 ad
759 2709 868 2771 vinum
883 2706 1053 2771 hibendum
1065 2710 1168 2788 aptius
1181 2728 1337 2792 vasquam

239 2814 375 2877 vitreum
415 2814 475 2876 sihi
512 2834 575 2877 non
608 2823 768 2896 pararunt.
828 2815 1030 2877 Dixit'Deus
1050 2816 1226 2879 altissimus
1255 2821 1338 2891 (Sur.

238 2919 382 3000 XXVII,
402 2919 498 2998 doto
519 2918 648 2982 Dictum
670 2921 701 2983 ei
722 2929 788 2986 estt
810 2921 909 3003 lutra,
932 2940 951 2982 o
972 2920 1102 3004 semina,
1123 2923 1154 2983 in
1175 2916 1337 3004 palatium!

189 3077 210 3116 .·
238 3023 332 3105 Quod
354 3043 450 3107 quum
471 3023 620 3110 vidisset,
642 3026 674 3088 id
697 3045 846 3109 magnam
868 3044 972 3109 aquae
991 3029 1105 3091 molem
1123 3047 1199 3091 esso
1220 3039 1335 3111 putans

193 3215 197 3226 Ι
243 3150 337 3196 crura
359 3149 417 3196 sua
446 3130 630 3196 denudavit.
673 3135 729 3195 llle
755 3141 864 3196 autem
891 3131 984 3196 dixit:
1006 3135 1164 3196 Palatium
1187 3145 1240 3198 eat
1262 3137 1337 3200 levi·

239 3248 351 3321 gatum
374 3260 415 3304 ex
437 3241 604 3322 ampullis«
647 3239 737 3304 Dixit
762 3259 855 3323 porro
883 3241 971 3317 (Sur.
1002 3239 1149 3326 LXXV,
1182 3245 1254 3319 tot:
1283 3248 1336 3308 nllt

239 3347 394 3427 canthari,
404 3349 455 3427 qni
464 3347 1335 3430 ampullaesunt‚ampullaeargenteaeo.Nomenautcm

239 3459 373 3532 argento
394 3451 479 3514 dedit
499 3452 573 3515 inde
595 3453 782 3519 derivatum.
804 3456 965 3537 Propheta
985 3465 1092 3520 autem
1111 3453 1261 3542 a'gasoni,
1284 3479 1335 3523 ca·

238 3558 339 3621 melos
374 3555 493 3634 uxores
525 3569 691 3641 portantes
727 3561 936 3625 uehementer
963 3564 1135 3646 impellenti
1167 3565 1264 3630 dixit:
1309 3567 1333 3630 0

241 3659 380 3731 Ouaisci
404 3683 476 3730 cum
497 3667 642 3756 ampullis
671 3668 784 3732 leniter
811 3663 910 3752 ngas!
953 3671 1080 3734 Nomen
1101 3673 1200 3754 igitur
1225 3676 1331 3736 mulie·

239 3773 330 3854 ribus,
356 3771 428 3836 inde
455 3770 631 3836 derivatum
661 3773 757 3838 dedit.
800 3775 918 3839 Dicere
946 3777 1069 3840 solent:
1113 3778 1269 3868 »Quidam
1296 3779 1331 3840 nil

240 3987 490 4006 m·-

209 4137 212 4144 ·
258 4118 286 4173 1)
302 4119 407 4170 Nomen
425 4117 497 4171 urbia
513 4121 629 4180 Arabiae
645 4121 732 4174 felicia
748 4124 843 4186 paonis
860 4123 961 4178 striatls
976 4127 1059 4176 notae
1077 4125 1127 4175 eat.

260 4205 293 4264 8)
311 4207 417 4260 Nomen
436 4207 525 4271 opptdl
541 4213 592 4262 eat.
