2838 5024
762 404 766 413 ι

276 475 334 544 50.
387 440 554 570 Optima
574 470 682 564 origo
716 462 942 538 camela-um
968 462 1158 538 velocium
1181 478 1230 536 est
1257 464 1352 563 ipsius

384 617 501 693 origo.

358 745 394 803 lu
415 760 488 803 eum
510 739 635 822 dieitur,
657 741 711 822 qui
732 739 827 803 nobili
848 757 968 822 genere
990 747 1077 801 unus
1102 747 1163 800 est.

615 913 633 955 ὗ
643 921 655 954 >
829 916 945 956 utum

592 925 769 1111 utta
798 956 954 1112 ψ
1025 977 1056 1054 0⁸

276 1193 335 1259 51.
386 1184 493 1258 Sicut
520 1185 688 1258 barriens
716 1183 878 1258 camelus
904 1188 940 1257 in
965 1171 1125 1259 stabulo.

317 1351 488 1413 Vocabulo
521 1364 578 1417 tua
594 1352 754 1414 stabulum
771 1349 901 1432 (caula)
917 1353 1082 1416 arboribus
1096 1351 1357 1432 exstruetumsig-

275 1473 429 1538 uideatur.
446 1475 554 1556 Saepe
567 1476 787 1562 admissarius,
803 1487 837 1540 ut
852 1477 891 1540 ab
902 1477 979 1540 initu
995 1473 1197 1560 cohibeatur,'
1207 1478 1246 1541 ibi
1254 1475 1359 1556 adliga-

276 1593 336 1646 tur.
355 1587 388 1645 ls
404 1583 486 1646 banc
499 1585 538 1646 ob
553 1602 684 1647 causam
698 1585 875 1686 „lvii”
898 1585 1004 1687 σε..)
1013 1587 1200 1667 appellatur.
1214 1587 1244 1646 Α
1256 1581 1358 1645 murelo

275 1709 307 1770 iu
336 1708 464 1770 stabulo
490 1708 621 1770 multum
650 1710 814 1794 mugiente
841 1717 878 1772 et·
904 1710 1027 1792 mugitu
1054 1709 1096 1770 uil
1136 1707 1312 1791 proliciente
1334 1705 1356 1764 iu

275 1815 377 1876 vimm
407 1813 595 1878 translatum
617 1824 687 1898 est,
714 1817 807 1879 euius
829 1835 933 1898 neque
958 1815 1057 1876 verba
1077 1834 1186 1898 neque
1206 1816 1289 1876 tacta
1305 1811 1356 1870 viu

276 1921 400 1984 habent.

276 2385 334 2458 52·
386 2381 491 2456 Sicut
520 2387 746 2483 praestantia
771 2405 826 2459 est
853 2385 946 2488 pulli
970 2385 1112 2478 cameli,
1133 2393 1241 2463 cuius
1265 2401 1361 2458 mater·

384 2510 570 2607 concepit,
596 2537 673 2609 qua
700 2509 845 2612 pullum
872 2510 1099 2586 ablactatum
1128 2517 1256 2588 vineit.

357 2673 457 2736 Nulla
483 2671 539 2735 vel
568 2673 737 2739 admodum
762 2696 865 2758 parva
894 2677 976 2740 iuter
1004 2655 1178 2760 utrimque
1203 2672 1362 2740 differentia

275 2789 336 2844 est.
361 2782 555 2845 Ablactatus
585 2781 709 2870 (μ)
737 2786 913 2866 appellatur
942 2786 1066 2868 pullus,
1101 2786 1233 2866 quaudo
1266 2797 1362 2862 aquam

274 2904 351 2966 bibit
377 2915 411 2966 et
436 2908 556 2970 arboris
584 2908 661 2970 lolia
688 2905 774 2990 edit,
809 2907 936 2990 quaudo
970 2915 1078 2972 autem
1112 2906 1317 2970 admissarius
1340 2901 1363 2960 iu

274 3011 415 3072 camelas
436 3021 592 3096 tempora,
605 3033 669 3096 quo
690 3012 767 3106 dja.
795 3016 1013 3098 appellantur,
1040 3015 1238 3096 immittitur,
1259 3009 1365 3075 camela

274 3133 372 3216 0²13·
404 3135 538 3217 eiusque
578 3139 681 3218 pullus
711 3140 810 3224 ΨΒ·
834 3141 889 3237 &t
926 3139 1113 3220 appellatur.
1165 3141 1258 3202 Duos
1291 3134 1365 3194 virm

275 3255 394 3318 virtute
414 3277 518 3339 paene
549 3261 673 3342 aequali
692 3263 864 3346 excellere,
887 3261 1089 3343 proverbium
1110 3261 1285 3343 signifieat.

273 3717 334 3788 53.
382 3713 550 3816 Mugitus
575 3715 653 3788 eius
679 3730 816 3814 aequat
838 3731 1046 3789 vocantem.

352 3885 616 3950 Abu-Obbaidus
637 3885 725 3963 dixit,
738 3887 942 3969 proverbium
963 3885 1026 3948 hou
1048 3885 1251 3946 notissimum
1274 3876 1367 3962 sigui-

271 3992 390 4078 baaru,
419 4013 487 4056 reru
513 3996 733 4058 necessariam
758 3995 934 4076 perfectam
963 4011 1057 4074 esse,
1083 3999 1256 4073 autequam
1279 3984 1367 4068 petita

271 4100 323 4162 sit.
365 4103 402 4164 lu
434 4119 506 4163 eum
535 4120 662 4185 quoque
697 4100 830 4183 dieitur,
858 4101 912 4182 qui
946 4099 1001 4160 tibi
1031 4109 1194 4180 tempore,
1223 4113 1284 4178 quo
1305 4091 1366 4153 eius

271 4207 391 4268 araxitto
404 4225 497 4292 eges,
510 4217 640 4289 praesto
653 4227 716 4272 uon
731 4217 793 4294 est,
807 4208 880 4271 iude
893 4207 1134 4270 exeusationem
1150 4215 1276 4288 pateus,
1291 4192 1365 4282 quod
