2908 5028
551 343 777 408 ...659-

186 523 316 590 tumet«
330 543 448 588 mur
476 523 537 589 utri
563 533 634 607 est,
669 524 724 588 out
753 524 794 588 ab
823 523 1028 590 Ainohnrano
1044 500 1046 510 Ι
1061 524 1207 590 bert-Al·-

99 630 243 694 norrdsir
263 631 407 694 carceris
427 630 575 694 custodis
595 629 713 694 tradita
733 640 812 696 eret.

304 787 991 978 QQQ&JW

100 1049 187 1120 259.
241 1043 317 1139 Qui
345 1043 465 1145 pardo
486 996 632 1133 obedit,
659 1043 786 1120 fructu
812 1045 1010 1120 destitutus
1036 1047 1120 1124 erit.

298 1221 772 1429 1356&thOEss
806 1225 904 1411 &ig
977 1271 1029 1354 rr.

101 1487 187 1562 260.
238 1484 345 1556 Tuus
371 1497 425 1557 cst
451 1485 572 1557 rictus
597 1499 684 1557 tuus
708 1481 898 1560 sufficiens
924 1498 960 1558 et
985 1486 1013 1560 si
1039 1485 1207 1588 locaque
1304 1469 1307 1476 λ

241 1595 404 1682 dilutum
431 1623 496 1688 cst.

181 1738 233 1802 De
254 1743 436 1824 propinquis
458 1742 577 1804 viissrus
604 1749 636 1803 et
657 1741 777 1804 familia
803 1751 975 1822 usurpatur
994 1739 1196 1824 proverbium

105 1847 189 1907 conf.
213 1847 309 1908 Karn.
331 1865 359 1908 s.
378 1875 455 1948 σᾳ)

180 2177 200 2214 2
286 2007 421 2194 ξᾶὲῖ
450 2029 533 2197 (β
563 2021 637 2196 {253
673 2003 780 2143 sti
813 2023 910 2144 sti·
981 2065 1030 2150 ru

604 2185 625 2227 ,
884 2183 902 2205 ,

101 2279 186 2348 ¹361.-
222 2279 343 2350 -Tuus
368 2293 422 2352 est
448 2301 558 2350 nasus
584 2279 675 2351 etsi
702 2291 912 2380 amputatus
938 2293 1004 2352 est.

182 2437 236 2496 De
267 2455 306 2499 eo
338 2435 469 2516 dicitur,
503 2436 594 2497 cuins
622 2444 688 2500 tarn
711 2438 828 2499 malum
852 2433 946 2518 quarn
969 2437 1085 2500 bonum
1107 2435 1149 2497 ad
1171 2445 1204 2498 te

104 2541 229 2620 attinet,
254 2549 287 2626 et
308 2541 337 2602 si
358 2561 421 2604 non
443 2542 525 2603 bene
546 2545 627 2624 erg'a
648 2551 681 2604 te
700 2543 781 2626 agit.
822 2543 933 2604 Verba
963 2541 1046 2604 haec
1076 2541 1205 2604 Konto-

102 2643 498 2725 dsurn'ben-Djehwanah
510 2645 693 2708 Masinitam
708 2646 881 2707 Atrabieho
902 2646 1077 2708 ben-Cahb
1099 2646 1207 2706 Mssi-

102 2753 188 2812 nitae
219 2750 341 2812 dixisse
380 2745 517 2812 tradunt.
548 2749 689 2816 Causam
726 2751 821 2811 talem
853 2750 965 2813 fuisse.
1012 2749 1206 2812 Alrabiahus
1240 2829 1243 2835 Ι

101 2857 187 2919 fratri
208 2875 267 2919 suo
290 2857 484 2935 Comaischo
504 2859 622 2922 homini
648 2861 756 2940 inepto
779 2879 892 2942 equum
918 2879 1113 2944 generosum
1135 2873 1206 2926 tra-

102 2963 237 3048 diderat,
258 2982 321 3045 quo
343 2967 383 3029 ad
403 2969 482 3030 suos
504 2966 686 3029 veheretur.
709 2967 770 3028 Vir
790 2976 898 3030 autern
923 2977 1050 3031 astutus
1071 2969 1202 3053 quidam

103 3081 234 3153 egente
255 3073 468 3134 Banu-Matio
490 3073 652 3154 oriundus,
668 3073 718 3134 cui
740 3091 854 3134 nomen
873 3073 982 3140 Korad
998 3073 1204 3160 ben-Djorm,

101 3177 153 3238 isti
174 3179 265 3260 genti
293 3195 331 3239 se
351 3179 570 3242 immiscuerat
592 3177 795 3240 occasionem
816 3177 902 3240 itlius
930 3180 1002 3261 equi
1030 3181 1206 3264 obripiendi

102 3293 269 3364 capturus,
285 3284 507 3346 occultaverat
521 3285 603 3346 eninr
619 3282 803 3364 prudenter,
817 3285 942 3363 quinam
954 3295 1045 3349 esset
1060 3294 1093 3348 et
1104 3305 1207 3369 quas-

101 3404 174 3450 nam
200 3389 400 3468 praesentiae
430 3405 539 3450 causa.
583 3387 643 3468 Qui
672 3406 768 3469 quum
794 3389 1023 3454 Comaischurn
1045 3409 1128 3475 equo
1149 3395 1201 3458 illo
1301 3412 1304 3428 ⁴

44 3515 51 3526 ’
100 3492 274 3557 vehentem
297 3494 447 3578 vidisset,
468 3496 622 3558 camelam
639 3511 732 3556 suarn
754 3493 940 3559 conscendit
962 3498 1056 3579 eique
1077 3501 1206 3566 obvim

101 3599 202 3676 venit,
225 3602 370 3680 speravit
390 3605 473 3664 enirn
499 3603 587 3682 sore,
618 3610 654 3663 ut
672 3620 744 3664 eum
772 3600 943 3682 deciperet
984 3605 1076 3669 Dixit
1096 3617 1205 3672 antem

102 3701 144 3763 illi
175 3704 307 3788 inepto,
338 3724 375 3766 se
410 3707 495 3768 scire
523 3691 644 3768 asinam
677 3707 807 3768 multnrn
830 3707 989 3789 ‘pinguem
1023 3720 1056 3772 et
1082 3713 1206 3774 ninum

102 3825 177 3872 cunr
205 3829 244 3871 ea
275 3829 418 3876 aureum.
461 3802 585 3890 Quibus
606 3812 635 3873 si
656 3813 777 3892 potitus
809 3829 869 3894 es,
897 3815 1006 3896 gentis
1026 3825 1102 3878 tuae
1125 3817 1205 3879 ollas

100 3915 247 3997 implebis
269 3925 302 3978 et
322 3936 344 3979 a
363 3915 552 4000 paupertate
574 3935 709 3980 securus
731 3918 804 3979 cris.
835 3916 960 3997 Quibus
980 3922 1089 3984 verbis
1111 3923 1204 4004 inep-

102 4031 154 4084 tus
176 4021 274 4086 fldem
304 4024 428 4088 habens
447 4025 677 4107 interrogavit,
706 4024 867 4106 quomodo
887 4027 1060 4108 illispotiri
1083 4039 1204 4110 posset

100 4131 194 4194 Alter
215 4129 309 4204 duit:
329 4132 404 4216 Ego
435 4133 491 4196 rint
511 4149 569 4194 eos
597 4130 762 4213 adferam,
793 4130 853 4195 sed
881 4133 1005 4198 nonnisi
1025 4152 1110 4216 equo
1138 4144 1197 4216 eso

101 4245 200 4302 nocte
230 4239 358 4302 vehens
381 4259 445 4322 ego
472 4256 530 4301 eos
567 4239 696 4320 assequi
724 4225 868 4320 possum.
911 4237 1076 4320 Offerebat
1106 4242 1205 4328 igitur

991 4399 1060 4477 42·
