2908 5028
496 347 723 412 ..593-

72 531 205 594 mensuro
221 534 347 596 similes.
362 533 452 594 lleus
465 541 572 593 autem
590 530 776 593 benedictus
788 526 849 592 sit!
866 531 1043 613 Quomodo,
1060 552 1154 614 quum

72 648 124 702 lant
140 658 253 720 parvae
273 642 348 723 sint,
369 637 458 719 illud,
481 657 545 719 quo
568 641 672 700 onusti
683 647 767 719 suut,
784 648 910 718 portare
925 637 1059 702 valenti
1081 639 1155 701 Rex

71 744 158 824 igitur·
173 745 212 806 ad
232 747 299 808 eiua
320 753 443 826 patrem
465 745 550 806 misit
572 745 707 825 puellam
724 746 754 804 iu
767 747 996 807 matrimonium
1016 747 1075 806 sibi
1093 765 1156 825 pe·
1225 749 1231 771 ¹

71 857 138 912 tens.
157 851 251 912 Pater
271 860 378 915 autem
401 851 477 913 dote
498 854 599 912 missa
628 839 704 912 earu
729 852 759 910 in
793 853 1024 914 matrimonium
1056 853 1155 931 dedit,

71 955 147 1016 utad
166 977 281 1020 novum
303 959 446 1019 maritum
469 956 644 1016 duceretur.
667 957 825 1036 'l'empore
847 966 964 1038 autent,
989 977 1049 1036 quo
1071 959 1155 1019 ineo

72 1071 159 1144 eraut,
179 1071 213 1123 nt
233 1064 335 1144 ipsam
356 1063 396 1124 ad
423 1081 539 1122 novum
562 1063 709 1125 maritum
732 1061 900 1144 (lucerent,
933 1073 1036 1124 meter
1060 1065 1154 1124 liliam

72 1169 112 1228 sio
130 1168 264 1232 alloeuta
285 1179 354 1232 est:
376 1171 404 1233 0
427 1161 538 1230 liliola!
563 1167 659 1246 Quod
682 1169 709 1228 si
732 1171 900 1231 eonsilium
921 1171 961 1232 ob
984 1179 1156 1250 praestan--

72 1275 137 1362 tiam
156 1275 352 1360 educationis
373 1276 650 1355 intermitteretur,
693 1275 722 1335 id
752 1275 806 1337 tibi
827 1295 892 1337 non
924 1276 1054 1358 darem,
1097 1277 1156 1338 sed

72 1381 228 1446 admonitio
256 1383 403 1446 socordis
431 1392 463 1445 et
483 1383 648 1464 prudentis
670 1382 883 1444 adiumentum
905 1386 1061 1445 estetsi
1083 1399 1156 1446 rnu-

71 1490 119 1551 lier
139 1492 244 1552 marito
265 1508 376 1552 carere
398 1501 510 1570 posset
531 1492 570 1552 ob
593 1491 721 1552 divitias
748 1499 912 1570 parentum
943 1501 976 1551 et
1011 1492 1051 1553 ob
1083 1510 1155 1552 rna-

71 1615 155 1676 gnum
175 1595 376 1674 desiderium,
403 1616 466 1679 quo
495 1610 644 1679 parentes
670 1615 748 1680 erga
778 1599 878 1678 ipsam
913 1599 1031 1676 impleti
1067 1607 1155 1680 sant,

74 1709 100 1762 tu
121 1723 155 1764 eo
176 1705 313 1766 inaximo
335 1722 446 1764 carere
468 1723 602 1784 posses3
625 1703 683 1764 sed
705 1711 739 1766 ut
753 1690 903 1766 ¹mulieres
922 1707 964 1766 ob
979 1707 1068 1766 viros
1083 1725 1156 1766 ere·

73 1815 136 1868 atae
155 1819 226 1870 suut
247 1811 297 1870 sie
319 1810 385 1870 ·viri
415 1811 454 1872 olr
486 1810 636 1886 mulieres
671 1812 823 1872 existunt.
851 1804 1014 1886 (lliliolal
1040 1813 1088 1870 'l'u
1117 1813 1158 1873 ab

72 1919 146 1994 aire,
167 1935 207 1976 ex
228 1933 293 1997 quo
314 1923 348 1976 tu
372 1915 532 1996 prodiisti,
565 1925 597 1976 te
620 1917 779 1996 separasti
802 1925 834 1978 et
856 1916 962 1979 nidum
987 1927 1083 1998 tuum,
1116 1917 1158 1978 ad

72 2040 154 2099 quem
184 2021 418 2104 arisoenderas,
462 2023 643 2102 relinquens
665 2022 705 2084 ad
730 2023 843 2106 alium,
864 2033 977 2102 'quom
1005 2025 1068 2084 no'n
1097 2043 1159 2083 no-

75 2128 142 2210 sris,
165 2129 248 2190 ivisti
271 2137 304 2188 et
327 2129 367 2190 od
389 2129 526 2204 socium,
550 2146 685 2210 quocum
707 2147 770 2190 non
793 2129 1000 2190 consuevisti.
1042 2130 1076 2190 ls
1096 2147 1164 2190 rru-¹

72 2247 125 2296 tour
159 2244 319 2316 potestate
355 2253 415 2295 sua
444 2243 517 2296 tuus
547 2236 653 2296 laetus
683 2245 734 2296 est
770 2245 883 2298 eustos
911 2241 943 2295 et
976 2253 1158 2316 possessor.

73 2341 119 2402 Sis
143 2344 235 2424 igitur
266 2361 365 2404 serva
394 2343 441 2424 oi,
471 2351 505 2403 ut
534 2351 611 2402 tuus
638 2344 680 2402 sit
720 2361 837 2404 servus
872 2342 965 2402 celer.
1010 2342 1037 2404 Ο
1071 2343 1156 2404 lilio-

74 2441 112 2506 la!
138 2449 254 2511 'laeum
283 2467 375 2510 sume
404 2467 424 2510 a
453 2469 505 2508 me
534 2449 645 2510 decem
673 2451 906 2530 proprietates,
950 2459 986 2512 ut
1014 2448 1067 2508 tibi
1087 2449 1160 2510 'sint

72 2560 205 2632 tauquam
245 2554 416 2616 thesaurus
468 2562 501 2614 et
539 2553 726 2618 recordatio.
780 2555 930 2617 Societas
967 2571 1041 2614 cum
1080 2571 1161 2613 eon·

72 2662 149 2718 tento
169 2659 285 2740 animo,
299 2668 341 2720 et
362 2659 557 2720 ourrsurtium
578 2678 650 2720 eum
674 2658 851 2722 obedientia
874 2669 906 2719 et
933 2677 1008 2720 euro
1030 2659 1161 2718 assidua

73 2762 136 2846 looi,
157 2785 248 2847 quom
271 2764 362 2824 videt
380 2767 416 2824 'et
440 2765 519 2826 ratio
546 2765 681 2846 diligens
714 2766 798 2845 loci,
829 2783 921 2844 quom
952 2765 1079 2843 olfacit,
1121 2783 1162 2824 ne

72 2869 142 2931 oooli
162 2873 229 2932 eius
250 2873 283 2934 in
305 2889 371 2930 rem
394 2879 535 2951 turpem,
566 2889 661 2951 quam
692 2872 838 2951 peragis,
869 2869 1026 2950 incidant,
1054 2888 1159 2950 neque

72 2979 109 3038 tui
134 2997 266 3056 pravum
289 2977 420 3040 odorem
436 2977 602 3058 'pereipiat
627 2975 803 3058 Collyrium
819 2985 926 3039 autem
944 2985 996 3038 est
1009 2979 1161 3058 pulcher-

72 3083 168 3144 rimum
180 3083 420 3164 pulchritudinis
437 3083 621 3160 (inventae)
638 3085 922 3163 etaqnaoptimum
935 3083 1161 3162 odoramenti¹)

73 3187 241 3252 desiderati.
285 3190 367 3252 'l'unr
393 3205 469 3252 eura
491 3197 649 3270 temporo,
671 3207 732 3268 quo
754 3189 858 3252 eibum
888 3193 985 3252 sumit
1011 3199 1044 3252 et
1073 3191 1184 3271 quies·
1271 3195 1278 3204 '

73 3301 215 3379 temporo,
239 3315 304 3376 quo
325 3295 449 3378 dormit,
471 3313 548 3375 uam¹
565 3295 660 3358 lamis
690 3295 783 3358 ardor
810 3306 949 3378 occupat
975 3305 1007 3359 ot
1035 3306 1162 3377 pertur-

71 3398 148 3460 batio
169 3404 273 3464 somni
296 3401 399 3464 odiunt
413 3411 532 3464 movet.
553 3403 634 3464 'l'um
657 3401 805 3464 custodia
825 3402 938 3466 donus
957 3422 1115 3484 opumque
1130 3413 1163 3464 et

73 3509 145 3568 ratio
173 3509 283 3571 habito
313 3517 347 3570 ut
373 3513 530 3588 personae
564 3507 666 3588 ipsius
693 3509 742 3570 sio
762 3509 972 3572 ministrorum
1009 3509 1164 3576 domesti-

73 3628 246 3695 corumque.
270 3613 427 3678 Custodia
448 3634 541 3697 opum
566 3624 672 3678 autem
687 3617 876 3680 consistitis
891 3635 943 3698 ou,
965 3626 1001 3680 ut
1011 3622 1162 3698 quantum

73 3717 171 3801 detur,
194 3720 277 3782 bene
300 3719 466 3782 deliniatur
488 3728 521 3782 et
541 3721 620 3783 ratio
642 3721 749 3784 habita
770 3721 1015 3786 domesticorum
1046 3731 1079 3806 et
1100 3723 1162 3782 mi-

71 3823 235 3887 nistrorum
258 3827 288 3888 iu
310 3844 361 3907 eo,
382 3834 489 3888 utres
510 3827 591 3890 irene
618 3828 832 3892 instituantur.
874 3828 928 3889 Na
957 3835 1064 3890 autent
1095 3828 1165 3888 eius

72 3941 226 3992 secretum
250 3930 402 4013 divulges
422 3941 476 3992 aut
498 3933 567 3993 eius
588 3929 736 3994 mandato
758 3930 939 3996 inobediens
961 3932 1018 4015 sis,
1040 3950 1113 3992 nam
1136 3932 1164 3992 si

90 4078 334 4094 Ἦ

89 4171 117 4228 1)
134 4175 190 4226 sod
215 4176 243 4226 ln
273 4177 365 4228 codice
390 4181 477 4245 [augo.
500 4181 605 4243 signum
629 4177 768 4231 ducuntur·
790 4189 888 4228 nomon
911 4177 1005 4238 trabat,
1041 4179 1068 4224 ut
1092 4172 1167 4225 boni

135 4266 205 4314 verti
225 4267 315 4328 possit.

910 4409 955 4481 a'8
