<?xml version="1.0" encoding="UTF-8"?>
<!DOCTYPE html PUBLIC "-//W3C//DTD XHTML 1.0 Transitional//EN"
    "http://www.w3.org/TR/xhtml1/DTD/xhtml1-transitional.dtd">
<html xmlns="http://www.w3.org/1999/xhtml" xml:lang="en" lang="en">
 <head>
  <title>
</title>
<meta http-equiv="Content-Type" content="text/html;charset=utf-8" />
  <meta name='ocr-system' content='tesseract 3.04.00' />
  <meta name='ocr-capabilities' content='ocr_page ocr_carea ocr_par ocr_line ocrx_word'/>
</head>
<body>
  <div class='ocr_page' id='page_1' title='image "./arabumproverbia02alfgoog/arabumproverbia02alfgoog_0636.png"; bbox 0 0 2908 5028; ppageno 0'>
   <div class='ocr_carea' id='block_1_1' title="bbox 505 288 734 356">
    <p class='ocr_par' dir='ltr' id='par_1_1' title="bbox 505 288 734 356">
     <span class='ocr_line' id='line_1_1' title="bbox 505 288 734 356; baseline 0.017 -22"><span class='ocrx_word' id='word_1_1' title='bbox 505 288 734 356; x_wconf 68' lang='grc'><strong>...631-</strong></span> 
     </span>
    </p>
   </div>
   <div class='ocr_carea' id='block_1_2' title="bbox 64 471 1190 1516">
    <p class='ocr_par' dir='ltr' id='par_1_2' title="bbox 64 471 1190 1516">
     <span class='ocr_line' id='line_1_2' title="bbox 145 471 1161 558; baseline 0.002 -22"><span class='ocrx_word' id='word_1_2' title='bbox 145 475 301 538; x_wconf 84' lang='lat' dir='ltr'><strong>Narravit</strong></span> <span class='ocrx_word' id='word_1_3' title='bbox 320 473 597 558; x_wconf 80' lang='lat' dir='ltr'><strong>Abu-Obbaidns,</strong></span> <span class='ocrx_word' id='word_1_4' title='bbox 618 474 719 540; x_wconf 88' lang='lat' dir='ltr'><strong>verba</strong></span> <span class='ocrx_word' id='word_1_5' title='bbox 738 473 821 538; x_wconf 83' lang='lat' dir='ltr'><strong>haec</strong></span> <span class='ocrx_word' id='word_1_6' title='bbox 842 471 1032 554; x_wconf 80' lang='lat' dir='ltr'><strong>Ahjischanr</strong></span> <span class='ocrx_word' id='word_1_7' title='bbox 1056 477 1161 558; x_wconf 90' lang='lat' dir='ltr'><strong>impe·</strong></span> 
     </span>
     <span class='ocr_line' id='line_1_3' title="bbox 66 570 1190 666; baseline 0.002 -23"><span class='ocrx_word' id='word_1_8' title='bbox 66 582 160 646; x_wconf 90' lang='lat' dir='ltr'><strong>ratori</strong></span> <span class='ocrx_word' id='word_1_9' title='bbox 182 582 278 644; x_wconf 85' lang='lat' dir='ltr'><strong>Ahiio</strong></span> <span class='ocrx_word' id='word_1_10' title='bbox 299 581 424 646; x_wconf 86' lang='lat' dir='ltr'><strong>dixisse</strong></span> <span class='ocrx_word' id='word_1_11' title='bbox 443 582 494 645; x_wconf 90' lang='lat' dir='ltr'><strong>die</strong></span> <span class='ocrx_word' id='word_1_12' title='bbox 515 601 656 666; x_wconf 84' lang='lat' dir='ltr'><strong>pugnae,</strong></span> <span class='ocrx_word' id='word_1_13' title='bbox 682 581 736 665; x_wconf 91' lang='lat' dir='ltr'><strong>qui</strong></span> <span class='ocrx_word' id='word_1_14' title='bbox 758 581 828 645; x_wconf 86' lang='lat' dir='ltr'><strong>dies</strong></span> <span class='ocrx_word' id='word_1_15' title='bbox 845 584 958 646; x_wconf 87' lang='lat' dir='ltr'><strong>cameli</strong></span> <span class='ocrx_word' id='word_1_16' title='bbox 973 570 1159 666; x_wconf 79' lang='lat' dir='ltr'><strong>appellatur,</strong></span> <span class='ocrx_word' id='word_1_17' title='bbox 1186 584 1190 596; x_wconf 79' lang='grc'><strong>“</strong></span> 
     </span>
     <span class='ocr_line' id='line_1_4' title="bbox 67 673 1166 773; baseline 0 -23"><span class='ocrx_word' id='word_1_18' title='bbox 67 709 161 773; x_wconf 88' lang='lat' dir='ltr'><strong>quum</strong></span> <span class='ocrx_word' id='word_1_19' title='bbox 184 691 215 752; x_wconf 94' lang='lat' dir='ltr'><strong>in</strong></span> <span class='ocrx_word' id='word_1_20' title='bbox 237 691 353 770; x_wconf 86' lang='lat' dir='ltr'><strong>pilento</strong></span> <span class='ocrx_word' id='word_1_21' title='bbox 377 673 532 752; x_wconf 83' lang='lat' dir='ltr'><strong>camelino</strong></span> <span class='ocrx_word' id='word_1_22' title='bbox 553 689 595 752; x_wconf 91' lang='lat' dir='ltr'><strong>ad</strong></span> <span class='ocrx_word' id='word_1_23' title='bbox 617 689 745 752; x_wconf 81' lang='lat' dir='ltr'><strong>Ahiiurn</strong></span> <span class='ocrx_word' id='word_1_24' title='bbox 766 675 924 753; x_wconf 88' lang='lat' dir='ltr'><strong>victorem</strong></span> <span class='ocrx_word' id='word_1_25' title='bbox 946 691 1166 754; x_wconf 76' lang='lat' dir='ltr'><strong>adduceretur.</strong></span> 
     </span>
     <span class='ocr_line' id='line_1_5' title="bbox 68 793 1167 876; baseline 0.002 -20"><span class='ocrx_word' id='word_1_26' title='bbox 68 797 181 858; x_wconf 80' lang='lat' dir='ltr'><strong>Airiius</strong></span> <span class='ocrx_word' id='word_1_27' title='bbox 204 806 309 857; x_wconf 87' lang='lat' dir='ltr'><strong>autem</strong></span> <span class='ocrx_word' id='word_1_28' title='bbox 331 795 495 876; x_wconf 76' lang='lat' dir='ltr'><strong>splendido</strong></span> <span class='ocrx_word' id='word_1_29' title='bbox 518 813 589 858; x_wconf 89' lang='lat' dir='ltr'><strong>cunr</strong></span> <span class='ocrx_word' id='word_1_30' title='bbox 619 797 770 858; x_wconf 85' lang='lat' dir='ltr'><strong>comitatu</strong></span> <span class='ocrx_word' id='word_1_31' title='bbox 790 796 954 858; x_wconf 82' lang='lat' dir='ltr'><strong>Medicam</strong></span> <span class='ocrx_word' id='word_1_32' title='bbox 978 793 1048 857; x_wconf 75' lang='lat' dir='ltr'><strong>e‘am</strong></span> <span class='ocrx_word' id='word_1_33' title='bbox 1071 796 1167 858; x_wconf 83' lang='lat' dir='ltr'>misit.</span> 
     </span>
     <span class='ocr_line' id='line_1_6' title="bbox 66 893 1167 988; baseline -0.001 -24"><span class='ocrx_word' id='word_1_34' title='bbox 66 903 146 964; x_wconf 81' lang='lat' dir='ltr'><strong>conf.</strong></span> <span class='ocrx_word' id='word_1_35' title='bbox 161 893 279 983; x_wconf 78' lang='lat' dir='ltr'><strong>Djeirh.</strong></span> <span class='ocrx_word' id='word_1_36' title='bbox 297 903 462 965; x_wconf 88' lang='lat' dir='ltr'><strong>Proverbii</strong></span> <span class='ocrx_word' id='word_1_37' title='bbox 478 910 583 965; x_wconf 88' lang='lat' dir='ltr'><strong>autem</strong></span> <span class='ocrx_word' id='word_1_38' title='bbox 603 903 756 988; x_wconf 84' lang='lat' dir='ltr'><strong>originem</strong></span> <span class='ocrx_word' id='word_1_39' title='bbox 772 903 1061 967; x_wconf 86' lang='lat' dir='ltr'><strong>Samaclrschariu&#39;s</strong></span> <span class='ocrx_word' id='word_1_40' title='bbox 1084 902 1167 964; x_wconf 90' lang='lat' dir='ltr'><strong>hanc</strong></span> 
     </span>
     <span class='ocr_line' id='line_1_7' title="bbox 66 1006 1168 1072; baseline 0 -2"><span class='ocrx_word' id='word_1_41' title='bbox 66 1009 164 1070; x_wconf 88' lang='lat' dir='ltr'><strong>inisse</strong></span> <span class='ocrx_word' id='word_1_42' title='bbox 202 1010 353 1072; x_wconf 87' lang='lat' dir='ltr'><strong>narravit.</strong></span> <span class='ocrx_word' id='word_1_43' title='bbox 396 1006 554 1071; x_wconf 86' lang='lat' dir='ltr'><strong>Doraidus</strong></span> <span class='ocrx_word' id='word_1_44' title='bbox 587 1007 877 1072; x_wconf 81' lang='lat' dir='ltr'><strong>ben-Aizamrnah</strong></span> <span class='ocrx_word' id='word_1_45' title='bbox 904 1009 975 1070; x_wconf 85' lang='lat' dir='ltr'><strong>viro</strong></span> <span class='ocrx_word' id='word_1_46' title='bbox 996 1008 1168 1072; x_wconf 83' lang='lat' dir='ltr'><strong>Ahwanoh</strong></span> 
     </span>
     <span class='ocr_line' id='line_1_8' title="bbox 64 1113 1160 1196; baseline -0.002 -20"><span class='ocrx_word' id='word_1_47' title='bbox 64 1115 382 1178; x_wconf 84' lang='lat' dir='ltr'><strong>ben-Almoschtahii</strong></span> <span class='ocrx_word' id='word_1_48' title='bbox 401 1116 559 1196; x_wconf 83' lang='lat' dir='ltr'><strong>appellato</strong></span> <span class='ocrx_word' id='word_1_49' title='bbox 581 1115 739 1177; x_wconf 84' lang='lat' dir='ltr'><strong>Ahbsitae</strong></span> <span class='ocrx_word' id='word_1_50' title='bbox 767 1133 940 1178; x_wconf 86' lang='lat' dir='ltr'><strong>occurrens</strong></span> <span class='ocrx_word' id='word_1_51' title='bbox 971 1113 1160 1196; x_wconf 71' lang='lat' dir='ltr'><strong>parturierit,</strong></span> 
     </span>
     <span class='ocr_line' id='line_1_9' title="bbox 66 1217 1160 1312; baseline 0 -30"><span class='ocrx_word' id='word_1_52' title='bbox 66 1231 98 1282; x_wconf 89' lang='lat' dir='ltr'><strong>ut</strong></span> <span class='ocrx_word' id='word_1_53' title='bbox 124 1221 178 1312; x_wconf 84' lang='lat' dir='ltr'><strong>hic</strong></span> <span class='ocrx_word' id='word_1_54' title='bbox 205 1240 246 1283; x_wconf 87' lang='lat' dir='ltr'><strong>se</strong></span> <span class='ocrx_word' id='word_1_55' title='bbox 271 1221 308 1282; x_wconf 89' lang='lat' dir='ltr'><strong>ei</strong></span> <span class='ocrx_word' id='word_1_56' title='bbox 333 1217 497 1304; x_wconf 84' lang='lat' dir='ltr'><strong>captivum</strong></span> <span class='ocrx_word' id='word_1_57' title='bbox 528 1220 675 1284; x_wconf 86' lang='lat' dir='ltr'><strong>traderet.</strong></span> <span class='ocrx_word' id='word_1_58' title='bbox 706 1221 918 1285; x_wconf 85' lang='lat' dir='ltr'><strong>Ahwanahus</strong></span> <span class='ocrx_word' id='word_1_59' title='bbox 948 1239 1041 1304; x_wconf 87' lang='lat' dir='ltr'><strong>quum</strong></span> <span class='ocrx_word' id='word_1_60' title='bbox 1069 1231 1160 1300; x_wconf 73' lang='lat' dir='ltr'><strong>esset</strong></span> 
     </span>
     <span class='ocr_line' id='line_1_10' title="bbox 66 1327 1165 1410; baseline -0.002 -20"><span class='ocrx_word' id='word_1_61' title='bbox 66 1329 284 1408; x_wconf 78' lang='lat' dir='ltr'><strong>corpulentus,</strong></span> <span class='ocrx_word' id='word_1_62' title='bbox 316 1329 395 1389; x_wconf 86' lang='lat' dir='ltr'><strong>alter</strong></span> <span class='ocrx_word' id='word_1_63' title='bbox 430 1336 536 1389; x_wconf 88' lang='lat' dir='ltr'><strong>autern</strong></span> <span class='ocrx_word' id='word_1_64' title='bbox 566 1328 753 1410; x_wconf 84' lang='lat' dir='ltr'><strong>emaciatus,</strong></span> <span class='ocrx_word' id='word_1_65' title='bbox 786 1329 896 1390; x_wconf 80' lang='lat' dir='ltr'><strong>iacere</strong></span> <span class='ocrx_word' id='word_1_66' title='bbox 917 1327 1052 1390; x_wconf 78' lang='lat' dir='ltr'><strong>nolebat</strong></span> <span class='ocrx_word' id='word_1_67' title='bbox 1082 1327 1165 1391; x_wconf 87' lang='lat' dir='ltr'><strong>Post</strong></span> 
     </span>
     <span class='ocr_line' id='line_1_11' title="bbox 65 1433 1166 1516; baseline 0 -20"><span class='ocrx_word' id='word_1_68' title='bbox 65 1453 201 1516; x_wconf 87' lang='lat' dir='ltr'><strong>pugnam</strong></span> <span class='ocrx_word' id='word_1_69' title='bbox 225 1453 333 1497; x_wconf 86' lang='lat' dir='ltr'><strong>acrem</strong></span> <span class='ocrx_word' id='word_1_70' title='bbox 360 1453 453 1516; x_wconf 88' lang='lat' dir='ltr'><strong>quum</strong></span> <span class='ocrx_word' id='word_1_71' title='bbox 482 1433 642 1496; x_wconf 81' lang='lat' dir='ltr'><strong>Dorsidus</strong></span> <span class='ocrx_word' id='word_1_72' title='bbox 669 1436 802 1496; x_wconf 86' lang='lat' dir='ltr'><strong>aiterum</strong></span> <span class='ocrx_word' id='word_1_73' title='bbox 823 1435 969 1515; x_wconf 83' lang='lat' dir='ltr'><strong>vicisset,</strong></span> <span class='ocrx_word' id='word_1_74' title='bbox 995 1435 1056 1497; x_wconf 90' lang='lat' dir='ltr'><strong>iste</strong></span> <span class='ocrx_word' id='word_1_75' title='bbox 1075 1433 1166 1496; x_wconf 81' lang='lat' dir='ltr'><strong>dixitr</strong></span> 
     </span>
    </p>
   </div>
   <div class='ocr_carea' id='block_1_3' title="bbox 66 1537 1297 1652">
    <p class='ocr_par' dir='ltr' id='par_1_3' title="bbox 66 1537 1297 1652">
     <span class='ocr_line' id='line_1_12' title="bbox 66 1537 1297 1652; baseline -0.006 -44"><span class='ocrx_word' id='word_1_76' title='bbox 66 1539 170 1652; x_wconf 43' lang='lat' dir='ltr'><strong>esst</strong></span> <span class='ocrx_word' id='word_1_77' title='bbox 201 1541 322 1629; x_wconf 47' lang='lat' dir='ltr'><strong>meib,</strong></span> <span class='ocrx_word' id='word_1_78' title='bbox 357 1537 501 1652; x_wconf 46' lang='lat' dir='ltr'><strong>equ-ii</strong></span> <span class='ocrx_word' id='word_1_79' title='bbox 525 1541 645 1616; x_wconf 39' lang='lat' dir='ltr'><strong>&amp;Aa</strong></span> <span class='ocrx_word' id='word_1_80' title='bbox 676 1543 730 1603; x_wconf 83' lang='lat' dir='ltr'><strong>ulo</strong></span> <span class='ocrx_word' id='word_1_81' title='bbox 769 1549 961 1622; x_wconf 84' lang='lat' dir='ltr'><strong>potestatem</strong></span> <span class='ocrx_word' id='word_1_82' title='bbox 996 1541 1162 1626; x_wconf 80' lang='lat' dir='ltr'><strong>redegisti,</strong></span> <span class='ocrx_word' id='word_1_83' title='bbox 1293 1548 1297 1557; x_wconf 86' lang='lat'>&#39;</span> 
     </span>
    </p>
   </div>
   <div class='ocr_carea' id='block_1_4' title="bbox 68 1655 1163 1855">
    <p class='ocr_par' dir='ltr' id='par_1_4' title="bbox 68 1655 1163 1855">
     <span class='ocr_line' id='line_1_13' title="bbox 68 1655 1163 1747; baseline -0.001 -22"><span class='ocrx_word' id='word_1_84' title='bbox 68 1665 208 1728; x_wconf 88' lang='lat' dir='ltr'><strong>condona</strong></span> <span class='ocrx_word' id='word_1_85' title='bbox 230 1657 340 1747; x_wconf 84' lang='lat' dir='ltr'><strong>igitur!</strong></span> <span class='ocrx_word' id='word_1_86' title='bbox 355 1664 538 1747; x_wconf 83' lang='lat' dir='ltr'><strong>postulasti,</strong></span> <span class='ocrx_word' id='word_1_87' title='bbox 561 1665 630 1728; x_wconf 81' lang='lat' dir='ltr'><strong>voti</strong></span> <span class='ocrx_word' id='word_1_88' title='bbox 651 1683 734 1726; x_wconf 90' lang='lat' dir='ltr'><strong>nuuc</strong></span> <span class='ocrx_word' id='word_1_89' title='bbox 754 1681 887 1745; x_wconf 89' lang='lat' dir='ltr'><strong>compos</strong></span> <span class='ocrx_word' id='word_1_90' title='bbox 909 1655 996 1728; x_wconf 87' lang='lat' dir='ltr'><strong>esto!</strong></span> <span class='ocrx_word' id='word_1_91' title='bbox 1019 1663 1163 1726; x_wconf 81' lang='lat' dir='ltr'><strong>Prover-</strong></span> 
     </span>
     <span class='ocr_line' id='line_1_14' title="bbox 68 1773 861 1855; baseline 0.003 -21"><span class='ocrx_word' id='word_1_92' title='bbox 68 1773 144 1836; x_wconf 88' lang='lat' dir='ltr'><strong>bium</strong></span> <span class='ocrx_word' id='word_1_93' title='bbox 163 1781 281 1855; x_wconf 88' lang='lat' dir='ltr'><strong>poetae</strong></span> <span class='ocrx_word' id='word_1_94' title='bbox 302 1773 332 1834; x_wconf 94' lang='lat' dir='ltr'><strong>in</strong></span> <span class='ocrx_word' id='word_1_95' title='bbox 355 1791 449 1835; x_wconf 81' lang='lat' dir='ltr'><strong>urum</strong></span> <span class='ocrx_word' id='word_1_96' title='bbox 471 1773 602 1853; x_wconf 89' lang='lat' dir='ltr'><strong>saepius</strong></span> <span class='ocrx_word' id='word_1_97' title='bbox 624 1779 861 1836; x_wconf 84' lang='lat' dir='ltr'><strong>converterunt.</strong></span> 
     </span>
    </p>
   </div>
   <div class='ocr_carea' id='block_1_5' title="bbox 365 1915 851 2083">
    <p class='ocr_par' dir='ltr' id='par_1_5' title="bbox 365 1915 851 2083">
     <span class='ocr_line' id='line_1_15' title="bbox 365 1915 851 2083; baseline 0.004 -35"><span class='ocrx_word' id='word_1_98' title='bbox 365 1915 710 2083; x_wconf 41' lang='lat' dir='ltr'><strong>dietwini</strong></span> <span class='ocrx_word' id='word_1_99' title='bbox 785 1975 851 2054; x_wconf 67' lang='grc' dir='ltr'>ιιι</span> 
     </span>
    </p>
   </div>
   <div class='ocr_carea' id='block_1_6' title="bbox 73 2150 1164 2373">
    <p class='ocr_par' dir='ltr' id='par_1_6' title="bbox 73 2150 1164 2373">
     <span class='ocr_line' id='line_1_16' title="bbox 73 2150 629 2240; baseline 0 -18"><span class='ocrx_word' id='word_1_100' title='bbox 73 2157 144 2226; x_wconf 82' lang='grc'>133.</span> <span class='ocrx_word' id='word_1_101' title='bbox 195 2152 348 2240; x_wconf 84' lang='lat' dir='ltr'><strong>Celeris,</strong></span> <span class='ocrx_word' id='word_1_102' title='bbox 376 2177 452 2224; x_wconf 90' lang='lat' dir='ltr'><strong>non</strong></span> <span class='ocrx_word' id='word_1_103' title='bbox 477 2150 629 2224; x_wconf 87' lang='lat' dir='ltr'><strong>reditus.</strong></span> 
     </span>
     <span class='ocr_line' id='line_1_17' title="bbox 146 2283 1164 2373; baseline -0.001 -24"><span class='ocrx_word' id='word_1_104' title='bbox 146 2285 432 2349; x_wconf 83' lang='lat' dir='ltr'><strong>Samochscharins</strong></span> <span class='ocrx_word' id='word_1_105' title='bbox 455 2283 847 2348; x_wconf 69' lang='lat' dir='ltr'><strong>etScharai-Aidinussi</strong></span> <span class='ocrx_word' id='word_1_106' title='bbox 874 2293 961 2373; x_wconf 60' lang='grc' dir='ltr'><strong>ιαμ</strong></span> <span class='ocrx_word' id='word_1_107' title='bbox 987 2285 1012 2350; x_wconf 58' lang='lat' dir='ltr'><strong>§i</strong></span> <span class='ocrx_word' id='word_1_108' title='bbox 1034 2284 1164 2348; x_wconf 87' lang='lat' dir='ltr'><strong>habent.</strong></span> 
     </span>
    </p>
   </div>
   <div class='ocr_carea' id='block_1_7' title="bbox 71 2406 1159 2612">
    <p class='ocr_par' dir='ltr' id='par_1_7' title="bbox 71 2406 1159 2612">
     <span class='ocr_line' id='line_1_18' title="bbox 71 2406 1158 2486; baseline -0.001 -18"><span class='ocrx_word' id='word_1_109' title='bbox 71 2407 270 2470; x_wconf 83' lang='lat' dir='ltr'><strong>Proverbium</strong></span> <span class='ocrx_word' id='word_1_110' title='bbox 314 2426 334 2468; x_wconf 86' lang='lat' dir='ltr'><strong>a</strong></span> <span class='ocrx_word' id='word_1_111' title='bbox 375 2406 537 2470; x_wconf 75' lang='lat' dir='ltr'><strong>Meidauio</strong></span> <span class='ocrx_word' id='word_1_112' title='bbox 589 2407 639 2470; x_wconf 86' lang='lat' dir='ltr'><strong>sic</strong></span> <span class='ocrx_word' id='word_1_113' title='bbox 674 2407 870 2486; x_wconf 86' lang='lat' dir='ltr'><strong>explicatum</strong></span> <span class='ocrx_word' id='word_1_114' title='bbox 903 2415 972 2470; x_wconf 86' lang='lat' dir='ltr'><strong>est:</strong></span> <span class='ocrx_word' id='word_1_115' title='bbox 1033 2406 1158 2468; x_wconf 82' lang='lat' dir='ltr'><strong>Dicitur</strong></span> 
     </span>
     <span class='ocr_line' id='line_1_19' title="bbox 71 2511 1159 2612; baseline -0.007 -29"><span class='ocrx_word' id='word_1_116' title='bbox 71 2521 159 2612; x_wconf 53' lang='lat' dir='ltr'><strong>„aab</strong></span> <span class='ocrx_word' id='word_1_117' title='bbox 182 2514 235 2582; x_wconf 71' lang='lat' dir='ltr'><strong>eeu</strong></span> <span class='ocrx_word' id='word_1_118' title='bbox 266 2513 432 2577; x_wconf 87' lang='lat' dir='ltr'><strong>Cameia</strong></span> <span class='ocrx_word' id='word_1_119' title='bbox 455 2514 629 2596; x_wconf 85' lang='lat' dir='ltr'><strong>celeris,</strong></span> <span class='ocrx_word' id='word_1_120' title='bbox 653 2513 767 2595; x_wconf 88' lang='lat' dir='ltr'><strong>quippe</strong></span> <span class='ocrx_word' id='word_1_121' title='bbox 796 2533 878 2596; x_wconf 87' lang='lat' dir='ltr'><strong>quae</strong></span> <span class='ocrx_word' id='word_1_122' title='bbox 899 2511 1009 2576; x_wconf 86' lang='lat' dir='ltr'><strong>evadit</strong></span> <span class='ocrx_word' id='word_1_123' title='bbox 1044 2521 1076 2574; x_wconf 89' lang='lat' dir='ltr'><strong>et</strong></span> <span class='ocrx_word' id='word_1_124' title='bbox 1107 2515 1159 2575; x_wconf 89' lang='lat' dir='ltr'><strong>cui</strong></span> 
     </span>
    </p>
   </div>
   <div class='ocr_carea' id='block_1_8' title="bbox 69 2631 1153 2702">
    <p class='ocr_par' dir='ltr' id='par_1_8' title="bbox 69 2631 1153 2702">
     <span class='ocr_line' id='line_1_20' title="bbox 69 2631 1153 2702; baseline -0.005 -5"><span class='ocrx_word' id='word_1_125' title='bbox 69 2637 213 2702; x_wconf 83' lang='lat' dir='ltr'><strong>nudares</strong></span> <span class='ocrx_word' id='word_1_126' title='bbox 236 2639 277 2701; x_wconf 90' lang='lat' dir='ltr'><strong>ob</strong></span> <span class='ocrx_word' id='word_1_127' title='bbox 298 2637 495 2699; x_wconf 77' lang='lat' dir='ltr'><strong>celeritatem</strong></span> <span class='ocrx_word' id='word_1_128' title='bbox 516 2635 677 2699; x_wconf 76' lang='lat' dir='ltr'><strong>adhaeret.</strong></span> <span class='ocrx_word' id='word_1_129' title='bbox 719 2637 761 2698; x_wconf 75' lang='lat' dir='ltr'><strong>Et</strong></span> <span class='ocrx_word' id='word_1_130' title='bbox 778 2635 889 2697; x_wconf 90' lang='lat' dir='ltr'><strong>dicitur</strong></span> <span class='ocrx_word' id='word_1_131' title='bbox 910 2638 942 2696; x_wconf 92' lang='lat' dir='ltr'><strong>in</strong></span> <span class='ocrx_word' id='word_1_132' title='bbox 963 2631 1153 2694; x_wconf 81' lang='lat' dir='ltr'><strong>vendendo:</strong></span> 
     </span>
    </p>
   </div>
   <div class='ocr_carea' id='block_1_9' title="bbox 71 2737 1156 2848">
    <p class='ocr_par' dir='ltr' id='par_1_9' title="bbox 71 2737 1156 2848">
     <span class='ocr_line' id='line_1_21' title="bbox 71 2737 1156 2848; baseline -0.016 -34"><span class='ocrx_word' id='word_1_133' title='bbox 71 2761 148 2834; x_wconf 63' lang='grc' dir='ltr'>ξιιμ</span> <span class='ocrx_word' id='word_1_134' title='bbox 168 2746 188 2812; x_wconf 78' lang='lat' dir='ltr'><strong>t</strong></span> <span class='ocrx_word' id='word_1_135' title='bbox 212 2748 315 2848; x_wconf 44' lang='lat' dir='ltr'><strong>‘fta</strong></span> <span class='ocrx_word' id='word_1_136' title='bbox 335 2753 368 2807; x_wconf 88' lang='lat' dir='ltr'><strong>et</strong></span> <span class='ocrx_word' id='word_1_137' title='bbox 388 2744 493 2843; x_wconf 48' lang='lat' dir='ltr'><strong>umidi</strong></span> <span class='ocrx_word' id='word_1_138' title='bbox 519 2743 621 2826; x_wconf 48' lang='lat' dir='ltr'><strong>oswi</strong></span> <span class='ocrx_word' id='word_1_139' title='bbox 644 2744 663 2803; x_wconf 93' lang='lat' dir='ltr'><strong>i.</strong></span> <span class='ocrx_word' id='word_1_140' title='bbox 687 2761 714 2802; x_wconf 90' lang='lat' dir='ltr'><strong>o.</strong></span> <span class='ocrx_word' id='word_1_141' title='bbox 735 2742 841 2842; x_wconf 53' lang='lat' dir='ltr'><strong>ism</strong></span> <span class='ocrx_word' id='word_1_142' title='bbox 868 2741 963 2806; x_wconf 54' lang='lat' dir='ltr'><strong>unii</strong></span> <span class='ocrx_word' id='word_1_143' title='bbox 996 2737 1156 2798; x_wconf 83' lang='lat' dir='ltr'><strong>nvcnditi-</strong></span> 
     </span>
    </p>
   </div>
   <div class='ocr_carea' id='block_1_10' title="bbox 73 2860 1158 3084">
    <p class='ocr_par' dir='ltr' id='par_1_10' title="bbox 73 2860 1158 3084">
     <span class='ocr_line' id='line_1_22' title="bbox 73 2860 1158 2953; baseline -0.007 -24"><span class='ocrx_word' id='word_1_144' title='bbox 73 2888 152 2932; x_wconf 87' lang='lat' dir='ltr'><strong>onem</strong></span> <span class='ocrx_word' id='word_1_145' title='bbox 186 2872 343 2933; x_wconf 80' lang='lat' dir='ltr'><strong>celeremn</strong></span> <span class='ocrx_word' id='word_1_146' title='bbox 376 2874 409 2928; x_wconf 90' lang='lat' dir='ltr'><strong>et</strong></span> <span class='ocrx_word' id='word_1_147' title='bbox 440 2866 542 2930; x_wconf 78' lang='lat' dir='ltr'><strong>torma</strong></span> <span class='ocrx_word' id='word_1_148' title='bbox 561 2865 789 2953; x_wconf 47' lang='lat' dir='ltr'><strong>ktesediectivi</strong></span> <span class='ocrx_word' id='word_1_149' title='bbox 803 2873 862 2926; x_wconf 83' lang='lat' dir='ltr'><strong>est.</strong></span> <span class='ocrx_word' id='word_1_150' title='bbox 884 2860 1086 2926; x_wconf 82' lang='lat' dir='ltr'><strong>Vocabulum</strong></span> <span class='ocrx_word' id='word_1_151' title='bbox 1095 2879 1158 2922; x_wconf 86' lang='lat' dir='ltr'><strong>au-</strong></span> 
     </span>
     <span class='ocr_line' id='line_1_23' title="bbox 73 2985 1157 3084; baseline -0.006 -31"><span class='ocrx_word' id='word_1_152' title='bbox 73 3001 128 3056; x_wconf 83' lang='lat' dir='ltr'><strong>teor</strong></span> <span class='ocrx_word' id='word_1_153' title='bbox 147 2993 551 3084; x_wconf 57' lang='lat' dir='ltr'><strong>Qestpersecutio</strong></span> <span class='ocrx_word' id='word_1_154' title='bbox 575 2989 795 3052; x_wconf 88' lang='lat' dir='ltr'><strong>vendentis</strong></span> <span class='ocrx_word' id='word_1_155' title='bbox 813 2988 858 3050; x_wconf 90' lang='lat' dir='ltr'><strong>ob</strong></span> <span class='ocrx_word' id='word_1_156' title='bbox 880 2985 1157 3080; x_wconf 46' lang='lat' dir='ltr'><strong>vitiumittqs),</strong></span> 
     </span>
    </p>
   </div>
   <div class='ocr_carea' id='block_1_11' title="bbox 72 3109 1156 3404">
    <p class='ocr_par' dir='ltr' id='par_1_11' title="bbox 72 3109 1156 3404">
     <span class='ocr_line' id='line_1_24' title="bbox 73 3109 1155 3202; baseline -0.008 -23"><span class='ocrx_word' id='word_1_157' title='bbox 73 3117 184 3180; x_wconf 80' lang='lat' dir='ltr'><strong>Sensus</strong></span> <span class='ocrx_word' id='word_1_158' title='bbox 204 3121 299 3202; x_wconf 83' lang='lat' dir='ltr'><strong>igitur</strong></span> <span class='ocrx_word' id='word_1_159' title='bbox 321 3125 388 3178; x_wconf 85' lang='lat' dir='ltr'><strong>est:</strong></span> <span class='ocrx_word' id='word_1_160' title='bbox 409 3115 528 3188; x_wconf 81' lang='lat' dir='ltr'><strong>Evadit</strong></span> <span class='ocrx_word' id='word_1_161' title='bbox 548 3134 601 3176; x_wconf 88' lang='lat' dir='ltr'><strong>res</strong></span> <span class='ocrx_word' id='word_1_162' title='bbox 622 3123 655 3176; x_wconf 90' lang='lat' dir='ltr'><strong>et</strong></span> <span class='ocrx_word' id='word_1_163' title='bbox 675 3127 741 3173; x_wconf 89' lang='lat' dir='ltr'><strong>tum</strong></span> <span class='ocrx_word' id='word_1_164' title='bbox 763 3111 803 3172; x_wconf 90' lang='lat' dir='ltr'><strong>ad</strong></span> <span class='ocrx_word' id='word_1_165' title='bbox 826 3131 877 3172; x_wconf 89' lang='lat' dir='ltr'><strong>me</strong></span> <span class='ocrx_word' id='word_1_166' title='bbox 898 3129 961 3174; x_wconf 91' lang='lat' dir='ltr'><strong>non</strong></span> <span class='ocrx_word' id='word_1_167' title='bbox 982 3109 1070 3172; x_wconf 85' lang='lat' dir='ltr'><strong>redit.</strong></span> <span class='ocrx_word' id='word_1_168' title='bbox 1104 3109 1155 3171; x_wconf 87' lang='lat' dir='ltr'><strong>De</strong></span> 
     </span>
     <span class='ocr_line' id='line_1_25' title="bbox 74 3218 1155 3308; baseline -0.008 -24"><span class='ocrx_word' id='word_1_169' title='bbox 74 3242 107 3284; x_wconf 88' lang='lat' dir='ltr'><strong>eo</strong></span> <span class='ocrx_word' id='word_1_170' title='bbox 126 3225 246 3305; x_wconf 86' lang='lat' dir='ltr'><strong>dicitur,</strong></span> <span class='ocrx_word' id='word_1_171' title='bbox 270 3224 362 3308; x_wconf 85' lang='lat' dir='ltr'><strong>quia</strong></span> <span class='ocrx_word' id='word_1_172' title='bbox 383 3243 417 3284; x_wconf 89' lang='lat' dir='ltr'><strong>re</strong></span> <span class='ocrx_word' id='word_1_173' title='bbox 439 3221 516 3284; x_wconf 86' lang='lat' dir='ltr'><strong>liber</strong></span> <span class='ocrx_word' id='word_1_174' title='bbox 531 3218 652 3300; x_wconf 86' lang='lat' dir='ltr'><strong>evadit,</strong></span> <span class='ocrx_word' id='word_1_175' title='bbox 671 3227 706 3281; x_wconf 94' lang='lat' dir='ltr'><strong>ut</strong></span> <span class='ocrx_word' id='word_1_176' title='bbox 726 3237 767 3279; x_wconf 80' lang='lat' dir='ltr'><strong>oa</strong></span> <span class='ocrx_word' id='word_1_177' title='bbox 787 3235 891 3298; x_wconf 87' lang='lat' dir='ltr'><strong>neque</strong></span> <span class='ocrx_word' id='word_1_178' title='bbox 912 3234 969 3296; x_wconf 92' lang='lat' dir='ltr'><strong>pro</strong></span> <span class='ocrx_word' id='word_1_179' title='bbox 991 3234 1030 3276; x_wconf 89' lang='lat' dir='ltr'><strong>eo</strong></span> <span class='ocrx_word' id='word_1_180' title='bbox 1053 3233 1155 3295; x_wconf 86' lang='lat' dir='ltr'><strong>neque</strong></span> 
     </span>
     <span class='ocr_line' id='line_1_26' title="bbox 72 3322 1156 3404; baseline -0.006 -16"><span class='ocrx_word' id='word_1_181' title='bbox 72 3340 170 3394; x_wconf 86' lang='lat' dir='ltr'><strong>eontra</strong></span> <span class='ocrx_word' id='word_1_182' title='bbox 205 3351 277 3394; x_wconf 90' lang='lat' dir='ltr'><strong>oum</strong></span> <span class='ocrx_word' id='word_1_183' title='bbox 313 3331 364 3392; x_wconf 91' lang='lat' dir='ltr'><strong>sit.</strong></span> <span class='ocrx_word' id='word_1_184' title='bbox 405 3329 494 3390; x_wconf 83' lang='lat' dir='ltr'><strong>Dixit</strong></span> <span class='ocrx_word' id='word_1_185' title='bbox 533 3323 868 3404; x_wconf 83' lang='lat' dir='ltr'><strong>Abu-Ohbaidahus‚</strong></span> <span class='ocrx_word' id='word_1_186' title='bbox 898 3322 1098 3403; x_wconf 89' lang='lat' dir='ltr'><strong>proverbium</strong></span> <span class='ocrx_word' id='word_1_187' title='bbox 1125 3323 1156 3384; x_wconf 91' lang='lat' dir='ltr'><strong>in</strong></span> 
     </span>
    </p>
   </div>
   <div class='ocr_carea' id='block_1_12' title="bbox 71 3428 1152 3528">
    <p class='ocr_par' dir='ltr' id='par_1_12' title="bbox 71 3428 1152 3528">
     <span class='ocr_line' id='line_1_27' title="bbox 71 3428 1152 3528; baseline -0.007 -30"><span class='ocrx_word' id='word_1_188' title='bbox 71 3439 261 3501; x_wconf 81' lang='lat' dir='ltr'><strong>aversatione</strong></span> <span class='ocrx_word' id='word_1_189' title='bbox 293 3437 440 3500; x_wconf 84' lang='lat' dir='ltr'><strong>vitiorum</strong></span> <span class='ocrx_word' id='word_1_190' title='bbox 470 3433 603 3520; x_wconf 38' lang='lat' dir='ltr'><strong>h..epidii</strong></span> <span class='ocrx_word' id='word_1_191' title='bbox 637 3432 771 3528; x_wconf 52' lang='lat' dir='ltr'><strong>miss</strong></span> <span class='ocrx_word' id='word_1_192' title='bbox 802 3428 951 3492; x_wconf 84' lang='lat' dir='ltr'><strong>adhiberi.</strong></span> <span class='ocrx_word' id='word_1_193' title='bbox 989 3429 1152 3494; x_wconf 84' lang='lat' dir='ltr'><strong>Scherai·</strong></span> 
     </span>
    </p>
   </div>
   <div class='ocr_carea' id='block_1_13' title="bbox 70 3549 1153 3747">
    <p class='ocr_par' dir='ltr' id='par_1_13' title="bbox 70 3549 1153 3747">
     <span class='ocr_line' id='line_1_28' title="bbox 72 3549 1153 3636; baseline -0.006 -18"><span class='ocrx_word' id='word_1_194' title='bbox 72 3557 193 3621; x_wconf 78' lang='lat' dir='ltr'><strong>Aidinua</strong></span> <span class='ocrx_word' id='word_1_195' title='bbox 224 3569 257 3622; x_wconf 88' lang='lat' dir='ltr'><strong>et</strong></span> <span class='ocrx_word' id='word_1_196' title='bbox 287 3555 579 3624; x_wconf 83' lang='lat' dir='ltr'><strong>Samachscharius</strong></span> <span class='ocrx_word' id='word_1_197' title='bbox 602 3555 761 3636; x_wconf 82' lang='lat' dir='ltr'><strong>dixerunt,</strong></span> <span class='ocrx_word' id='word_1_198' title='bbox 785 3549 989 3634; x_wconf 85' lang='lat' dir='ltr'><strong>proverbium</strong></span> <span class='ocrx_word' id='word_1_199' title='bbox 1009 3570 1153 3631; x_wconf 88' lang='lat' dir='ltr'><strong>monere,</strong></span> 
     </span>
     <span class='ocr_line' id='line_1_29' title="bbox 70 3659 1053 3747; baseline -0.009 -21"><span class='ocrx_word' id='word_1_200' title='bbox 70 3672 101 3726; x_wconf 90' lang='lat' dir='ltr'><strong>ut</strong></span> <span class='ocrx_word' id='word_1_201' title='bbox 119 3667 254 3731; x_wconf 84' lang='lat' dir='ltr'><strong>societas</strong></span> <span class='ocrx_word' id='word_1_202' title='bbox 278 3667 360 3747; x_wconf 88' lang='lat' dir='ltr'><strong>eius,</strong></span> <span class='ocrx_word' id='word_1_203' title='bbox 383 3665 435 3726; x_wconf 91' lang='lat' dir='ltr'><strong>cui</strong></span> <span class='ocrx_word' id='word_1_204' title='bbox 456 3663 538 3726; x_wconf 83' lang='lat' dir='ltr'><strong>tides</strong></span> <span class='ocrx_word' id='word_1_205' title='bbox 559 3662 706 3726; x_wconf 89' lang='lat' dir='ltr'><strong>habendo</strong></span> <span class='ocrx_word' id='word_1_206' title='bbox 726 3680 789 3723; x_wconf 93' lang='lat' dir='ltr'><strong>non</strong></span> <span class='ocrx_word' id='word_1_207' title='bbox 810 3659 864 3742; x_wconf 87' lang='lat' dir='ltr'><strong>sit,</strong></span> <span class='ocrx_word' id='word_1_208' title='bbox 887 3667 1053 3722; x_wconf 81' lang='lat' dir='ltr'><strong>caveatur.</strong></span> 
     </span>
    </p>
   </div>
   <div class='ocr_carea' id='block_1_14' title="bbox 383 3793 832 4014">
    <p class='ocr_par' dir='ltr' id='par_1_14' title="bbox 383 3793 832 4014">
     <span class='ocr_line' id='line_1_30' title="bbox 383 3793 832 4014; baseline -0.031 -52"><span class='ocrx_word' id='word_1_209' title='bbox 383 3831 487 3966; x_wconf 50' lang='lat' dir='ltr'><strong>a&amp;</strong></span> <span class='ocrx_word' id='word_1_210' title='bbox 517 3793 696 4014; x_wconf 64' lang='grc' dir='ltr'>ξιξξῐῗιι</span> <span class='ocrx_word' id='word_1_211' title='bbox 758 3862 832 3948; x_wconf 70' lang='grc' dir='ltr'>ιιι</span> 
     </span>
    </p>
   </div>
   <div class='ocr_carea' id='block_1_15' title="bbox 74 4064 1162 4294">
    <p class='ocr_par' dir='ltr' id='par_1_15' title="bbox 74 4064 1162 4294">
     <span class='ocr_line' id='line_1_31' title="bbox 74 4064 1006 4174; baseline -0.011 -29"><span class='ocrx_word' id='word_1_212' title='bbox 74 4079 143 4148; x_wconf 74' lang='grc'><strong>134.</strong></span> <span class='ocrx_word' id='word_1_213' title='bbox 191 4081 288 4154; x_wconf 85' lang='grc' dir='ltr'>Ειιιιι</span> <span class='ocrx_word' id='word_1_214' title='bbox 313 4106 390 4155; x_wconf 93' lang='lat' dir='ltr'><strong>non</strong></span> <span class='ocrx_word' id='word_1_215' title='bbox 418 4102 509 4150; x_wconf 88' lang='lat' dir='ltr'><strong>curo</strong></span> <span class='ocrx_word' id='word_1_216' title='bbox 537 4091 715 4174; x_wconf 82' lang='lat' dir='ltr'><strong>tanquam</strong></span> <span class='ocrx_word' id='word_1_217' title='bbox 742 4069 874 4143; x_wconf 89' lang='lat' dir='ltr'><strong>micam</strong></span> <span class='ocrx_word' id='word_1_218' title='bbox 901 4064 1006 4140; x_wconf 80' lang='lat' dir='ltr'><strong>offae.</strong></span> 
     </span>
     <span class='ocr_line' id='line_1_32' title="bbox 105 4191 1162 4294; baseline -0.015 -26"><span class='ocrx_word' id='word_1_219' title='bbox 105 4209 508 4294; x_wconf 81' lang='lat' dir='ltr'><strong>Proverbium&#39;signidcat,</strong></span> <span class='ocrx_word' id='word_1_220' title='bbox 536 4208 639 4270; x_wconf 82' lang='lat' dir='ltr'><strong>virum</strong></span> <span class='ocrx_word' id='word_1_221' title='bbox 666 4221 763 4268; x_wconf 87' lang='lat' dir='ltr'><strong>unum</strong></span> <span class='ocrx_word' id='word_1_222' title='bbox 787 4200 920 4263; x_wconf 85' lang='lat' dir='ltr'><strong>aiterum</strong></span> <span class='ocrx_word' id='word_1_223' title='bbox 943 4192 1031 4261; x_wconf 87' lang='lat' dir='ltr'><strong>nihili</strong></span> <span class='ocrx_word' id='word_1_224' title='bbox 1051 4191 1162 4257; x_wconf 80' lang='lat' dir='ltr'><strong>iacere</strong></span> 
     </span>
    </p>
   </div>
   <div class='ocr_carea' id='block_1_16' title="bbox 0 0 1461 5028">
    <p class='ocr_par' dir='ltr' id='par_1_16' title="bbox 0 0 1461 5028">
     <span class='ocr_line' id='line_1_33' title="bbox 0 0 1461 5028; baseline 0 0"><span class='ocrx_word' id='word_1_225' title='bbox 0 0 1461 5028; x_wconf 95' lang='lat' dir='ltr'><strong> </strong></span> 
     </span>
    </p>
   </div>
  </div>
 </body>
</html>
